3000 5010
186 392 276 487 (ise)

184 532 217 593 et
240 549 269 592 v.
295 527 337 591 38

605 687 612 703 .
638 687 644 699 .
671 685 677 700 .
704 687 711 701 .
740 638 915 700 O·utinam
941 657 1026 699 nova

427 742 546 804 Incude
570 743 720 822 diffingas
743 755 886 806 retusum
911 743 943 804 in

428 850 630 928 Massagetas
653 850 845 931 Arabasque
869 851 1011 913 ferrum!

182 1031 340 1098 carminis
364 1049 444 1095 vero
469 1029 522 1108 29,
548 1051 577 1094 v.
605 1029 683 1094 1-6:

427 1193 489 1255 leci
514 1191 616 1254 beatis
639 1212 725 1256 nunc
749 1191 893 1253 Arabum
919 1192 1044 1254 invides

427 1300 524 1364 Gazis
547 1311 580 1361 et
603 1319 706 1361 aerem
732 1298 877 1361 militiam
900 1319 996 1380 paras

426 1411 500 1471 Non
523 1421 597 1470 ante
621 1406 755 1470 devictis
779 1407 903 1470 Sabeae

427 1515 574 1594 Regibus
598 1513 808 1594 horribilique
833 1513 931 1575 Medo

425 1624 534 1686 Nectis
558 1635 697 1689 catenas.

271 1806 430 1871 Horatius
455 1824 537 1890 ergo
560 1801 710 1869 carmine
733 1802 781 1867 5.⁰
804 1802 881 1867 libri
907 1803 961 1870 ΙΙΙ.
986 1802 1111 1868 bellum
1129 1804 1164 1870 in
1180 1807 1295 1869 utrum·

182 1934 245 2001 que
269 1914 396 1979 hostem
421 1930 509 1977 anno
533 1911 597 1975 727
621 1916 809 1996 susceptum
833 1929 876 1974 ne
893 1909 980 1975 male
996 1911 1192 1977 succederet
1204 1906 1299 1977 omni·

180 2021 241 2087 bus
265 2021 350 2087 votis
373 2024 567 2106 prosecutus
590 2021 641 2083 est
664 2021 764 2102 atque
788 2017 907 2082 miram
932 2017 1022 2085 inter
1045 2018 1186 2112 ignavos
1202 2009 1301 2084 Crassi

180 2129 302 2195 milites
326 2133 359 2194 et
382 2134 557 2194 strennum
582 2125 749 2210 Regulum
766 2125 1001 2191 diversitatem
1018 2127 1225 2212 praedicans,
1241 2127 1306 2192 Rc*

181 2256 280 2303 mano
304 2235 402 2301 militi
426 2233 573 2300 bellandi
597 2234 754 2299 virtutem
780 2233 976 2319 patriaeque
1000 2254 1148 2300 amorem
1167 2236 1309 2302 instilla

180 2345 238 2410 vit.
265 2341 340 2419 Qua
363 2342 396 2406 in
420 2361 459 2407 re
480 2340 595 2407 eadem
620 2360 705 2427 quae
728 2340 895 2406 Pindarus
919 2341 1001 2406 artis
1025 2348 1205 2429 praecepta
1231 2333 1311 2430 spe?

181 2451 293 2519 ctavit.
317 2449 535 2534 Antiquiores
558 2448 646 2513 enim
674 2447 770 2534 lyrici
808 2455 925 2533 poetae
961 2448 1190 2535 singularibus
1214 2471 1232 2516 e
1261 2454 1315 2516 fa⁶

178 2559 265 2624 bulis
289 2564 322 2624 et
345 2578 460 2623 rerum
485 2555 626 2622 historia
649 2555 851 2640 depromptis
875 2555 1037 2640 exemplis
1073 2557 1124 2622 usi
1160 2549 1248 2638 sunt
1273 2555 1317 2622 ut

143 2748 144 2752 Ἰ
178 2666 361 2733 sententias
384 2665 426 2730 ad
452 2664 624 2729 universos
650 2662 800 2728 homines
826 2662 1032 2747 pertinentes
1057 2664 1297 2750 exprimerent.

268 3005 342 3069 Huc
365 3022 470 3088 usque
493 3003 534 3068 de
557 3002 620 3068 oda
646 3003 699 3080 111,
723 3001 744 3068 5
770 3003 816 3069 ita
839 3001 981 3068 disserui
1006 3008 1043 3069 ut
1066 3025 1109 3070 ne
1134 3006 1316 3091 paululum

182 3113 313 3199 quidem
337 3111 495 3195 temporis
532 3111 765 3197 cognationem
801 3111 1003 3197 respicerem
1039 3133 1138 3198 quam
1173 3111 1315 3200 plurimi

180 3222 269 3286 inter
292 3241 352 3284 sex
376 3219 490 3305 priora
515 3219 592 3285 libri
617 3216 683 3284 Ill.i
706 3219 857 3285 carmina
880 3219 1091 3286 intercedere
1115 3227 1278 3289 statuunt.

266 3327 363 3392 Nunc
385 3346 466 3391 vero
491 3331 540 3391 est
564 3326 645 3391 mihi
670 3327 885 3412 propositum,
911 3328 1073 3413 quaedam
1096 3328 1137 3394 de
1154 3329 1218 3395 ista
1234 3350 1317 3395 car-

177 3434 303 3500 minum
327 3433 576 3499 necessitudine
597 3433 720 3499 addere
744 3435 832 3501 unde
856 3438 996 3500 fortasse
1020 3433 1188 3520 superiori
1205 3456 1316 3521 argu·-

180 3542 376 3609 mentationi
401 3541 482 3608 fides
505 3548 538 3608 et
562 3544 743 3610 auctoritas
767 3544 911 3610 accedet.

267 3649 434 3735 Opinatur
456 3649 625 3715 Frankius
656 3651 843 3730 Horatium,
879 3649 1082 3717 Maecenatis
1116 3649 1171 3716 vel
1208 3635 1310 3736 ipsius

179 3756 319 3843 Augusti
344 3756 634 3822 exhortationibus
657 3763 844 3842 permotum
869 3758 910 3825 ad
925 3757 1101 3823 scribenda
1116 3776 1177 3822 sex
1193 3759 1308 3843 priora

177 3865 255 3930 libri
278 3864 370 3929 tertii
396 3864 547 3930 carmina
570 3883 641 3929 sese
666 3865 860 3946 accinxisse,
886 3870 959 3930 «ut
982 3865 1118 3932 virtutis
1138 3886 1308 3932 commen-

178 3972 311 4038 datione
334 3969 459 4036 labenti
482 3972 710 4038 Romanorum
734 3973 929 4060 disciplinae
951 3979 1171 4040 succurreret
1193 3981 1228 4040 et
1251 3995 1309 4040 ae-

177 4080 325 4166 qualium
350 4083 486 4163 pectora
509 4079 604 4145 bonis
627 4080 805 4166 probisque
829 4079 1016 4166 praeceptis
1040 4079 1216 4147 imbueret.
1233 4104 1251 4145 s
1268 4081 1306 4170 (¹)

245 4307 283 4377 (Ι)
302 4307 332 4360 L.
351 4306 369 4361 Ι.
389 4325 414 4378 p.
438 4307 486 4365 186
505 4326 545 4380 sq.
