3000 5010
217 464 261 528 127
1224 462 1286 527 241

204 461 215 555 [
262 460 419 675 biquidem
444 606 563 651 vereor
588 595 623 651 ut
640 586 817 672 quidquam
835 590 918 650 certi
936 585 976 649 de
994 589 1125 652 ratione
1142 464 1222 672 qua(
1235 460 1305 652 1·Ιοῖ

143 676 147 735 3
202 695 303 759 ratiaua
325 694 477 760 carmina
493 694 647 758 ordinata
672 699 772 780 atque
788 693 943 774 disposita
968 695 1042 769 sint,
1062 696 1094 757 iu
1113 697 1303 759 universum

143 846 147 851 -
201 801 300 891 quidem
324 802 544 887 pronuntiare
558 801 651 866 nobis
676 802 797 878 liceat3
815 801 853 889 (¹)
872 822 911 866 ac
936 808 1044 865 tamen
1061 800 1147 888 quod
1171 802 1211 867 ad
1236 805 1303 866 tria

143 896 147 933 '¹
202 911 283 994 priora
306 908 376 997 (lib.
401 908 440 997 1.)
464 909 584 974 attinet
608 907 750 973 libenter
775 909 987 993 lilesslingiO,
1002 908 1190 973 doctissimo
1206 916 1304 995 atque

150 1054 153 1073 ι
199 1016 417 1101 elegantissimo
441 1023 627 1101 poematum
663 1016 923 1080 Horatianorum
953 1016 1138 1101 interpreti,
1168 1017 1301 1093 accedo,

200 1143 252 1188 cum
272 1123 424 1189 omnibus
447 1121 629 1188 clarissime
647 1130 802 1208 appareat
825 1120 925 1209 (qnod
950 1125 1069 1207 optime
1086 1128 1119 1188 et
1134 1123 1301 1189 Christius

200 1230 452 1296 etbuecbelerus
487 1236 520 1295 et
543 1231 730 1316 complures
765 1236 893 1295 veteres
920 1231 1117 1314 interpretes
1149 1231 1303 1296 animad-

199 1335 356 1425 verterunt)
381 1339 555 1403 Horatium
581 1340 684 1423 ipsum
710 1338 814 1421 primo
839 1336 968 1421 quidem
995 1322 1066 1402 loco
1091 1359 1225 1403 carmen
1249 1360 1303 1424 po-

197 1448 274 1511 suisse
296 1445 382 1534 quod
399 1446 439 1510 ad
457 1446 695 1519 Maecenatem,
719 1444 761 1508 ad
790 1469 805 1505 a
829 1444 926 1508 dulce
950 1445 1048 1509 decus
1074 1468 1091 1506 a
1116 1450 1149 1510 et
1175 1471 1192 1506 ‹<
1210 1466 1303 1531 prae·

143 1546 146 1637 J
197 1553 289 1620 sidium
314 1575 332 1618 a>
358 1556 505 1626 miserat,
529 1553 710 1617 secundum
735 1572 813 1616 rere
838 1553 947 1617 locum
975 1554 1125 1638 Augusto
1143 1554 1302 1639 adsigna-

197 1661 490 1738 risse‚nobilissimo
516 1660 564 1723 illi
591 1659 793 1744 reipublicae
819 1661 973 1745 principi,
1000 1665 1136 1724 tertium
1161 1660 1302 1745 denique

197 1767 321 1854 Vergilio
345 1788 417 1845 suu,
442 1767 631 1831 dulcissimo
656 1769 763 1831 aulico
788 1773 821 1832 et
845 1773 1015 1853 poetarum
1034 1770 1189 1853 principi.
1206 1768 1302 1844 Quod

195 1895 254 1940 rere
269 1876 307 1941 ad
323 1875 455 1959 reliqua
472 1895 588 1939 novem
607 1877 759 1938 carmina
783 1879 918 1959 spectat,
937 1874 1119 1938 cavendnm
1146 1883 1194 1938 est
1208 1874 1301 1939 nobis

196 1999 224 2044 na
242 1982 372 2044 nimium
391 1979 650 2065 praeclarissimi
667 1981 777 2043 critici
794 1981 968 2065 sagacitati
988 1978 1201 2063 indulgentes
1215 2000 1300 2064 quae

194 2083 260 2151 lenia
281 2088 347 2151 sint
359 2090 393 2151 et
409 2086 647 2162 commenticia,
666 2086 851 2169 probabilia
868 2106 938 2150 esse
956 2085 1149 2154 iudicemus.
1168 2085 1300 2171 Optimo

193 2201 280 2260 aulem
305 2197 378 2260 iure
403 2194 450 2258 ita
475 2214 526 2256 mc
550 2194 703 2257 statuisse
728 2215 885 2278 agnosces
910 2197 937 2259 si
964 2194 1193 2280 ordinemque
1222 2195 1303 2260 duo-

192 2299 275 2367 decim
301 2304 360 2368 illa
384 2304 532 2367 carmina
555 2298 732 2364 distributa
756 2309 831 2366 sunt
855 2305 886 2366 iu
914 2308 1057 2367 mentem
1075 2305 1301 2368 revocaveris,

324 2467 477 2532 Carmina
932 2468 1035 2528 Metra
1052 2464 1089 2550 (²)

191 2592 201 2651 1
276 2595 316 2656 ad
341 2595 562 2657 Maecenatem
729 2591 977 2671 Asclepiadeum
1001 2591 1139 2671 primum

189 2700 211 2760 11
274 2702 313 2763 ad
335 2703 427 2764 Caes,
454 2703 638 2779 Augustum
730 2699 926 2778 Sapphicum
952 2698 1091 2778 primum
1116 2720 1145 2760 v.
1172 2699 1277 2760 minus

188 2808 222 2869 111
275 2810 316 2871 ad
339 2808 475 2887 Vergilii
501 2828 615 2870 navem
727 2807 977 2886 Asclepiadeum
1001 2817 1150 2886 quartum

190 2915 224 2975 lV
275 2918 316 2979 ad
341 2919 377 2983 L.
403 2916 542 2978 Sestium
730 2913 969 2975 Archilochium
995 2925 1144 2993 quartum

188 3021 210 3080 V
273 3024 314 3085 ad
339 3023 494 3103 Pyrrham
729 3020 977 3100 Asclepiadeum
1001 3021 1131 3081 tertium

189 3129 222 3190 Vl
275 3134 315 3194 ad
339 3134 382 3194 M.
408 3132 498 3211 Vips.
523 3132 704 3210 Agrippam
729 3130 978 3208 Asclepiadeum
1006 3130 1181 3192 secundum

152 3300 158 3314 ⁸
188 3235 235 3297 Vll
272 3241 312 3302 ad
339 3238 519 3301 Munatium
546 3239 697 3299 Plancum
724 3248 861 3298 metrum
875 3237 1068 3315 dactylicum
1084 3236 1312 3325 (Alcrnauium)

189 3343 249 3407 Vlll
271 3348 311 3409 ad
336 3345 473 3426 Lydiam
727 3343 925 3422 Sapphicum
949 3346 1126 3406 secundum
1147 3369 1177 3408 v.
1196 3347 1299 3409 maius

191 3451 227 3513 IX
269 3455 309 3516 ad
334 3451 561 3514 Thaliarchum
730 3450 896 3511 Alcaicum

190 3553 214 3618 X
270 3563 419 3641 Hymnus
443 3558 485 3619 ad
509 3556 703 3618 Mercurium
728 3556 925 3636 Sapphicum
951 3558 1056 3618 minus

191 3662 226 3726 Xl
267 3670 306 3730 ad
330 3669 523 3731 Leuconocn
726 3664 975 3744 Asclepiadeum
1000 3666 1148 3746 quintum

192 3770 239 3835 llll
269 3777 308 3838 ad
332 3774 426 3839 Caes
451 3776 636 3852 Augustum
729 3772 926 3852 Sapphicum
952 3773 1057 3834 minus

241 4005 274 4075 (1)
291 4005 410 4059 Videtur
429 4018 495 4055 sane
516 4018 570 4055 non
589 4018 670 4055 caeco
689 4020 756 4056 casu
778 4005 906 4058 effectum
932 4021 993 4058 esso
1023 4009 1055 4057 ut
1084 4020 1183 4056 novem
1211 4003 1304 4072 priora

190 4095 285 4149 earmina
304 4100 452 4149 metrorum
472 4092 604 4146 varietate
624 4092 696 4146 inter
715 4110 745 4147 se
765 4094 894 4148 differant
913 4095 1022 4147 -inde
1042 4099 1133 4146 tamen
1156 4098 1303 4146 temerate

193 4176 302 4239 Muellero
319 4183 468 4238 concedere
489 4182 573 4235 nolim
593 4199 689 4235 novem
709 4199 824 4237 nurnero
852 4183 906 4236 ista
925 4183 1048 4236 carmina
1077 4182 1191 4235 idicirco
1212 4182 1300 4234 fuisse

192 4270 245 4333 quod
261 4289 352 4326 novem
371 4287 485 4324 numero
506 4270 602 4322 Musae
622 4268 725 4322 luerint
745 4271 802 4335 (cfr.
814 4271 918 4324 Orazio.
932 4271 1053 4324 Lucieno
1073 4269 1174 4323 Miiller
1194 4268 1303 4322 -Bio-

192 4360 258 4420 grani
275 4364 391 4415 tradotta
409 4362 443 4413 da
462 4359 538 4414 Giov.
559 4359 641 4413 Deoia
660 4388 693 4398 -
715 4359 827 4414 Fir-enne
850 4359 916 4413 1889
935 4379 961 4428 p.
984 4359 1033 4412 103
1053 4358 1105 4429 sq.)
1190 4386 1193 4393 ‡

245 4448 277 4521 (⁴2)
293 4450 389 4505 lisdem
411 4449 511 4523 quibus
531 4447 716 4519 Kiessliugiue
730 4454 880 4502 metrorum
900 4448 1133 4519 appellationibus
1149 4464 1216 4501 usus
1229 4464 1300 4501 sum.
