3000 5010
515 1659 1039 1765 HORATIANA

722 1928 854 1939 ιι*-

301 2573 502 2658 Priusquam
527 2573 784 2658 disputationem
808 2594 915 2638 meam
940 2574 1110 2652 exordiar,
1135 2573 1237 2638 liceat
1259 2570 1342 2638 mihi

213 2703 321 2768 pauca
342 2686 473 2746 tantum
498 2682 533 2745 in
558 2682 752 2745 universum
776 2681 816 2746 de
840 2680 1046 2766 temporibus
1081 2680 1199 2765 quibus
1231 2682 1344 2746 omnia

211 2767 398 2857 Horatiana
422 2810 524 2875 opera
548 2791 729 2874 composita
752 2790 828 2869 sint,
853 2789 1079 2875 praemittere,
1105 2789 1193 2855 unde
1211 2782 1351 2855 facilius

211 2919 299 2988 quae
323 2899 365 2963 ad
388 2899 591 2983 propositam
616 2899 845 2983 quaestionem
870 2900 1041 2984 pertinent
1064 2899 1318 2984 intellegantur.

302 3006 412 3090 Usque
437 3005 478 3069 ad
502 3009 651 3070 nostram
675 3008 818 3070 aetatem
840 3005 971 3071 Horatii
988 3005 1114 3090 scripta
1130 2995 1278 3071 nondum
1295 3005 1344 3073 ita

209 3117 391 3201 persanata
415 3117 523 3201 erant,
550 3117 586 3177 ut
609 3113 727 3178 critica
751 3118 824 3178 arte
848 3114 1059 3198 supersederi
1083 3116 1202 3198 posset,
1234 3132 1344 3198 neque

210 3223 437 3305 interpretum
461 3219 712 3284 commentariis
735 3225 912 3305 tantopere
937 3221 1116 3298 illustrata,
1140 3224 1178 3284 ut
1200 3220 1265 3284 viri
1291 3220 1345 3286 do

209 3330 256 3395 cti
281 3327 470 3392 huiusmodi
483 3328 600 3392 studiis
613 3349 751 3413 prorsus
773 3329 937 3413 neglectis
962 3329 1003 3393 ad
1027 3327 1215 3392 difficiliora
1231 3329 1346 3413 exqui-

209 3437 319 3503 renda
342 3456 377 3500 se
402 3441 601 3501 convertere
626 3437 774 3502 mallent.
801 3435 968 3511 Quocirca
991 3437 1091 3502 etiam
1116 3441 1193 3501 ante
1221 3456 1344 3501 saecu-

211 3547 282 3610 lum
308 3544 472 3609 decimum
497 3545 673 3629 septimum
698 3551 731 3610 et
766 3545 1069 3610 duodevicesimum
1104 3545 1233 3610 nullam
1260 3564 1345 3629 ope-

210 3673 285 3717 ram
311 3652 345 3715 in
370 3651 597 3717 describendis
620 3652 827 3737 temporibus
851 3653 1114 3730 collocaverunt,
1140 3651 1258 3736 quibus
1281 3652 1347 3717 sin·

204 3760 294 3845 gula
319 3763 472 3843 poemata
495 3760 550 3822 vel
575 3759 698 3845 integri
726 3779 843 3824 eorum
867 3758 973 3824 libelli
997 3759 1168 3843 compositi
1192 3763 1226 3825 et
1257 3760 1345 3824 evul-

212 3868 282 3954 gati
307 3871 426 3931 essent.
446 3865 653 3950 Quamquam
671 3867 706 3931 in
722 3868 917 3931 universum
929 3858 1049 3931 'notum
1068 3866 1345 3952 exploratumque

212 3972 391 4050 habebant,
417 3972 592 4037 Horatium
617 3978 689 4058 post
713 3973 962 4058 Philippensem
987 3973 1118 4038 demum
1143 3994 1289 4059 pugnam
1313 3967 1369 4040 et>

213 4082 359 4146 reditum
385 4081 420 4145 in
444 4080 562 4144 urbem
587 4102 705 4146 versus
740 4102 889 4168 pangere
921 4083 1079 4167 coepisse,
1115 4083 1279 4148 amatoria
1314 4089 1347 4149 et

214 4189 343 4253 lusoria
366 4187 517 4252 carmina
541 4187 681 4252 iuvenili
706 4188 778 4254 eius
802 4190 902 4254 aetati
928 4189 1121 4268 convenire,
1145 4190 1178 4253 in
1196 4190 1346 4275 epistulis

214 4315 296 4360 vero
320 4296 468 4360 animum
493 4294 732 4380 ingeniumque
755 4297 935 4362 severioris
961 4297 1080 4362 aetatis
1103 4297 1276 4382 proprium
1294 4295 1347 4362 de·
