3000 5010
71 429 155 519 [21]
1117 438 1207 520 (135)

71 559 252 643 Augustus
275 562 363 645 quod
388 563 477 627 cives
500 563 591 627 inter
614 583 649 627 se
673 564 825 629 inimicos
850 565 883 628 in
912 565 1056 649 gratiam
1082 584 1208 628 recon-

68 666 256 746 ciliaverit,
280 671 391 755 populi
417 691 593 736 recensum
631 672 750 756 egerit,
774 677 925 736 senatum
963 671 1085 756 legerit
1108 675 1142 735 et
1165 671 1207 736 ad

69 774 254 857 pristinum
280 778 489 862 splendorem
526 780 755 857 revocaverim
786 779 891 863 'atque
915 799 958 842 ex
982 779 1022 842 iis
1046 798 1130 863 quae
1166 779 1207 843 ad

69 903 201 948 annum
226 884 292 948 726
308 893 470 970 spectant,
488 887 647 952 docemur
663 888 850 972 Augustum
869 889 962 951 novis
978 886 1108 971 legibus
1132 886 1208 952 latis

69 991 178 1076 magis
196 993 368 1079 magisque
385 1002 560 1080 corruptos
577 1017 686 1060 mores
703 995 906 1073 emendasse,
924 994 1049 1079 templa
1066 995 1204 1059 deorum

67 1099 335 1165 immortalium
354 1107 518 1167 vetustate
559 1103 692 1188 delapsa
732 1103 896 1168 refecisse.
938 1103 1080 1167 Romani
1120 1121 1203 1167 vero

67 1206 212 1272 ineunte
227 1228 317 1273 anno
330 1209 405 1287 727,
423 1230 498 1274 eum
516 1209 618 1294 probe
634 1210 890 1294 perspexissent,
908 1230 1024 1274 rerum
1042 1230 1205 1273 summam

68 1319 103 1379 et
127 1315 233 1380 totius
258 1315 390 1400 imperii
416 1317 466 1381 ius
493 1317 534 1382 ad
559 1318 734 1383 Gaesarem
771 1320 836 1382 iam
872 1318 993 1396 delata,
1018 1338 1057 1382 eo
1093 1322 1205 1381 tamen

68 1427 168 1507 pacto
194 1429 232 1487 ut
255 1424 461 1509 reipublicae
492 1446 579 1490 nova
614 1427 706 1510 quasi
743 1426 961 1491 fundamenta
997 1425 1201 1504 iacerentur,

67 1548 254 1593 concussae
279 1550 355 1615 opes
379 1529 608 1608 firmarentur,
633 1531 852 1597 Octavianum
870 1533 1042 1617 «Augusti
1068 1551 1203 1616 cogno-

67 1637 194 1702 mine»
221 1638 297 1702 aliis
320 1639 457 1725 insuper
492 1640 627 1705 tributis
663 1641 846 1705 honoribus
882 1640 1140 1725 insigniverunt,
1166 1644 1204 1704 ut

67 1746 290 1811 ostenderent
314 1753 520 1834 quantopere
546 1749 686 1834 principi
712 1749 849 1833 eiusque
873 1748 1041 1834 regendae
1058 1747 1202 1813 civitatis

67 1854 133 1917 arti
160 1858 196 1919 et
229 1855 354 1921 rationi
389 1856 606 1922 confiderent.
636 1857 851 1942 Quantopere
888 1861 998 1921 autem
1036 1855 1199 1940 proximis

70 1963 179 2040 annis,
207 1963 442 2030 adiuvantibus
466 1966 548 2030 viris
583 1988 645 2031 usu
680 1966 909 2051 sapientiaque
943 1963 1199 2050 praestantibus

73 2073 112 2132 ut
134 2071 326 2136 Maecenate
343 2076 377 2135 et
400 2072 559 2158 Agrippa,
577 2070 708 2137 eximiis
732 2073 836 2157 poetis
860 2069 1074 2137 consiliorum
1092 2070 1200 2149 sociis,

72 2181 109 2240 ut
135 2178 287 2264 Vergilio
311 2185 345 2244 et
368 2180 518 2258 Horatio,
543 2180 577 2244 in
602 2181 742 2265 inceptis
778 2180 882 2266 magis
907 2179 1077 2264 magisque
1111 2178 1201 2242 insti·
1294 2241 1296 2245 ,

65 2285 150 2350 terit
173 2286 355 2372 Augustus,
380 2309 490 2354 cume
514 2310 629 2355 rerum
651 2290 862 2373 scriptorum,
894 2294 931 2353 ut
954 2288 1067 2353 Dionis
1098 2285 1201 2352 Cassii

63 2398 98 2458 et
114 2393 281 2473 Suetonii,
298 2400 368 2459 tum
385 2417 403 2460 e
421 2403 594 2481 poetarum
611 2396 809 2462 testimoniis
833 2396 1000 2482 arguitur,
1017 2395 1198 2480 praecipue

61 2501 210 2578 Horatii,
237 2502 292 2586 qui
317 2503 469 2568 carmina
492 2502 675 2589 composuit
699 2503 756 2591 (ΙΙΙ
775 2501 855 2589 1-6),
881 2523 966 2587 quae
992 2523 1066 2567 cum
1083 2501 1124 2565 ad
1141 2521 1196 2565 res

64 2609 105 2674 ab
130 2610 287 2695 Augusto
311 2617 420 2697 gestas
443 2613 497 2677 vel
521 2613 684 2698 gerendas
716 2612 918 2697 partineant,
943 2616 1035 2675 recte
1060 2608 1199 2673 πολιτικά

63 2718 257 2803 nuncupari
283 2725 430 2803 possunt.

154 2827 220 2892 Sed
246 2829 358 2893 omnia
374 2830 414 2895 ab
432 2830 584 2915 Augusto
602 2835 676 2895 aeta
699 2830 852 2915 persequi
871 2833 904 2894 et
928 2828 1089 2913 colligere
1114 2827 1195 2892 mihi

58 2956 145 3020 opus
168 2956 239 3001 non
262 2942 329 3016 est;
354 2938 394 3003 de
418 2939 537 3023 quibus
563 2944 596 3004 et
618 2945 753 3003 veteres
776 2942 810 3002 et
834 2943 1026 3002 nostrorum
1064 2937 1194 3002 dierum

56 3044 245 3129 scriptores
262 3047 419 3112 evolvere
436 3052 535 3131 atque
549 3048 714 3132 inspicere
731 3044 829 3111 facile
844 3043 976 3130 poteris
996 3046 1080 3110 lllud
1100 3047 1195 3112 modo

58 3173 104 3216 ex
132 3153 173 3216 iis
197 3174 283 3238 quae
306 3155 470 3240 disputavi
496 3155 629 3220 efficere
653 3155 733 3219 mihi
759 3155 869 3232 liceat,
887 3154 1102 3219 vehementes
1126 3157 1196 3220 Ho-

57 3261 142 3326 ratii
168 3263 432 3342 exhortationes,
457 3269 494 3328 ut
518 3263 707 3348 Augustum
732 3264 772 3328 ad
801 3263 1007 3327 liberandam
1034 3285 1052 3327 a
1077 3264 1196 3328 discri-

58 3367 153 3432 mine
165 3367 333 3433 civitatem
352 3369 551 3454 impelleret,
569 3391 657 3435 anno
670 3370 736 3435 732
750 3391 816 3435 non
830 3371 1035 3435 necessarias
1051 3371 1193 3448 futuras,

56 3479 93 3538 et
126 3474 259 3540 ridendi
287 3477 459 3542 materiem
485 3476 696 3562 praebituras
730 3478 842 3542 fuisse.
866 3477 1077 3542 Concedatur
1100 3498 1192 3563 ergo,

56 3582 254 3666 opinionem
279 3583 371 3648 illam
396 3584 436 3649 de
460 3605 549 3649 anno
574 3583 640 3648 732
665 3607 684 3649 a
708 3584 853 3650 Christio
878 3585 1054 3669 prolatam,
1079 3604 1097 3647 e
1121 3584 1192 3647 solo

54 3688 220 3755 carminis
244 3692 382 3757 consilio
406 3697 498 3757 recte
522 3698 695 3778 perspecto
712 3700 879 3778 tamquam
904 3694 1021 3758 falsam
1046 3690 1193 3756 reicien-

58 3799 205 3883 damque
231 3798 447 3884 deprehendi.

150 3907 200 3972 Ne
215 3907 293 3991 quid
309 3912 420 3972 tamen
439 3928 555 3973 eorum
573 3911 762 3994 neglexisse
778 3910 906 3990 videar,
925 3930 1009 3995 quae
1026 3908 1192 3975 Christius

57 4035 140 4079 suae
164 4014 352 4080 sententiae
368 4018 482 4080 favere
499 4017 666 4101 opinatur,
685 4019 725 4083 de
751 4019 858 4083 altero
875 4038 1006 4102 quoque
1024 4037 1088 4102 quo
1113 4039 1191 4082 usus

57 4126 109 4186 est
134 4127 336 4206 argumento
360 4121 454 4187 brevi
479 4123 649 4188 disseram.
676 4149 692 4186 «
707 4126 755 4190 Ne
771 4125 855 4189 illud
879 4125 1010 4209 quidem
1026 4150 1044 4184 ›
1070 4124 1190 4209 inquit,

61 4229 184 4293 anihil
221 4229 376 4312 ponderis
410 4231 536 4295 habere
572 4232 726 4309 dixerim,
762 4233 848 4316 quod
885 4232 1043 4298 Horatius
1080 4233 1188 4297 minus

59 4341 192 4428 gratum
218 4342 359 4431 patrono
375 4359 434 4405 suo
451 4339 585 4405 Caesari
603 4340 743 4418 fecisset,
760 4340 786 4404 si
804 4341 836 4404 in
854 4341 986 4428 sylloga
1001 4341 1187 4429 carminum
