3000 5010
45 403 143 494 Ι[19]
1106 397 1197 487 (133)

62 531 195 596 animos
212 530 253 594 ad
271 529 354 594 odae
377 549 539 592 summam
564 529 690 593 rectius
706 529 969 614 amplectendam
996 546 1197 611 componere

63 639 184 705 voluit.
212 637 377 702 Nimirum
402 656 517 700 rerum
553 643 773 702 externarum
810 636 1034 722 descriptione
1068 634 1198 699 tristior

64 746 269 812 domesticae
283 742 545 829 perturbationis
559 743 668 830 imago
685 744 948 830 exprimebatur,
963 763 1026 829 quo
1040 741 1198 807 libentius

61 856 238 940 Augustus
254 852 453 917 restituendi
470 852 602 937 imperii
620 853 850 938 maiorumque
867 852 1061 938 disciplinae
1079 850 1197 915 redin-

61 962 250 1048 tegrandae
276 961 482 1046 provinciam
507 961 702 1045 susciperet.
728 961 856 1026 Tiberis
880 981 960 1027 vero
996 979 1197 1025 commemo-

62 1072 209 1149 ratione,
235 1069 290 1155 qui
315 1069 451 1134 retortis
488 1069 594 1147 undio,
618 1071 807 1136 vehementi
846 1071 971 1155 impetu
995 1068 1035 1133 ad
1070 1069 1196 1133 fontem

61 1179 218 1264 relapsus
243 1176 421 1262 imperanti
453 1181 596 1242 naturae
633 1177 791 1243 iniuriam
827 1178 916 1256 facit,
953 1177 1008 1262 qui
1046 1174 1195 1262 quamvis

61 1285 231 1371 <patrius
254 1285 397 1348 amnis»
423 1284 539 1348 urbem
566 1305 625 1350 suo
651 1286 836 1370 patrocinio
871 1285 1064 1367 tutelaeque
1100 1303 1195 1348 com-

60 1393 197 1457 missam
223 1392 418 1469 insectatur,
436 1396 511 1475 apte
536 1390 805 1456 conciliabantur
829 1391 1012 1477 legentium
1030 1389 1132 1454 animi
1157 1394 1193 1454 ut

61 1502 210 1565 horrore
234 1498 371 1563 sceleris
408 1497 633 1576 afficerentur,
666 1499 718 1563 cui
755 1500 935 1563 factionum
971 1498 1137 1582 principes
1161 1517 1196 1562 se

60 1607 329 1683 obstrinxerant,
354 1605 430 1670 dum
456 1605 560 1670 nimia
585 1606 721 1672 ultionis
745 1607 926 1692 cupiditate
952 1606 1077 1671 incensi
1102 1625 1196 1670 arma

60 1718 183 1780 contra
211 1733 267 1777 eos
302 1718 522 1797 sumpserant,
549 1733 629 1797 quos
665 1713 773 1798 potins
808 1712 987 1779 defendere
1023 1717 1057 1776 et
1091 1711 1194 1776 tutari

60 1840 199 1885 necesse
223 1824 308 1886 erat.
334 1819 448 1903 Neque
472 1819 645 1904 paululum
673 1826 800 1884 tantum
825 1821 888 1884 hac
912 1819 1044 1904 pictura
1067 1818 1196 1884 efficie-

64 1928 164 1992 batur
188 1932 224 1991 ut
253 1927 342 1991 cives
378 1926 686 1991 animadverterent
712 1949 731 1990 a
754 1927 898 2012 partium
936 1925 1194 1991 dissensionibus

67 2034 314 2099 abhorrendum
348 2053 428 2102 esse.
453 2034 571 2119 Pergit
605 2034 725 2099 deinde
760 2040 858 2120 poeta
882 2035 923 2100 ad
957 2034 1047 2099 bella
1082 2033 1196 2099 civilia

65 2145 181 2226 aperte
202 2141 417 2228 reprobanda
440 2146 506 2206 tam
532 2142 645 2226 turpia
668 2147 701 2208 et
725 2147 931 2220 cruentant
954 2147 1048 2207 tanta
1071 2143 1194 2208 crude-

60 2251 201 2315 litatea
235 2248 364 2315 civibus
400 2254 520 2314 contra
542 2250 631 2315 cives
666 2251 828 2315 saevitum
854 2270 936 2329 esse,
972 2251 1113 2336 posteris
1136 2250 1193 2314 vix

58 2358 267 2423 credendum
284 2358 335 2422 sit.
362 2359 468 2442 Urget
484 2357 604 2422 deinde
622 2359 874 2444 interrogando,
899 2359 1062 2443 quomodo
1086 2360 1194 2423 scelus

56 2466 208 2550 partium
227 2464 373 2529 discidiis
389 2470 578 2550 susceptum
594 2465 797 2551 expiandum
813 2466 856 2530 sit
870 2487 877 2544 ;
904 2471 1014 2530 utrum
1033 2487 1075 2531 ex
1092 2465 1195 2550 Apol-

56 2574 140 2651 line,
166 2573 315 2650 Venere,
340 2574 448 2637 Marte
472 2572 635 2637 auxilium
661 2573 903 2657 quaerendum,
920 2594 963 2638 an
988 2573 1192 2658 potissimum

56 2703 75 2746 e
92 2681 275 2757 Mercurio,
291 2681 346 2764 qui
364 2681 397 2744 in
415 2702 516 2745 unam
530 2703 604 2745 cum
620 2681 806 2769 Octaviano
823 2681 989 2746 coaluerit
1005 2701 1191 2766 personam.

55 2827 101 2836 -
120 2789 258 2853 Summa
276 2788 380 2872 igitur
397 2788 555 2853 carminis
569 2788 603 2852 in
617 2807 657 2854 eo
674 2789 780 2873 posita
794 2793 852 2864 est,
868 2788 954 2872 quod
971 2787 1192 2853 Octavianum

55 2904 96 2962 ut
143 2897 411 2982 potentissimum
459 2897 756 2983 dignissimumque
804 2897 946 2982 impellit
985 2902 1021 2962 ut
1063 2898 1191 2963 scelere

55 3005 228 3090 expiando
262 3007 426 3071 iacentem
463 3005 703 3090 rempublicam
740 3005 884 3070 adiuvet.
910 3006 1045 3071 Scelere
1081 3011 1192 3071 autem

54 3113 147 3199 quod
160 3113 320 3178 Romanis
333 3114 466 3178 crimini
485 3114 549 3188 dat,
567 3113 654 3177 nihil
670 3113 760 3177 aliud
785 3112 977 3199 significare
994 3114 1076 3193 vult,
1095 3136 1192 3199 quam

53 3219 240 3284 domestica
264 3221 457 3297 certamina,
483 3219 602 3303 quibus
618 3240 712 3283 arma
729 3220 826 3284 citius
850 3226 969 3284 contra
985 3221 1074 3285 cives
1092 3243 1189 3306 quam

53 3331 178 3392 contra
191 3327 301 3391 hostes
314 3327 530 3412 arripuerant
543 3324 585 3412 (v,
599 3325 639 3390 21
656 3326 769 3390 audiet
781 3326 869 3391 cives
883 3327 1010 3392 acuisse
1024 3328 1200 3416 ferrum...)

53 3434 145 3500 lovis
162 3434 251 3498 enim
266 3440 299 3498 et
311 3434 483 3498 Minervae
498 3435 549 3498 ira
565 3454 633 3498 non
650 3434 746 3500 modo
760 3439 878 3499 contra
895 3435 983 3499 cives
1000 3434 1192 3511 effunditur,

53 3541 115 3626 qui
134 3540 312 3605 Caesarem
338 3541 590 3618 interfecerant,
608 3540 664 3605 sed
689 3540 787 3604 etiam
807 3541 841 3604 in
865 3560 982 3606 eorum
1000 3543 1119 3627 capita,
1137 3543 1192 3627 qui

55 3668 123 3734 per
147 3648 291 3732 speciem
318 3648 453 3714 ultionis
478 3647 701 3734 perficiendae
730 3648 819 3712 bella
844 3649 956 3713 civilia
981 3670 1046 3713 non
1082 3649 1194 3712 inter-

52 3756 232 3820 miserant.
250 3754 363 3830 Quare
378 3757 531 3841 luppiter
543 3755 691 3819 mimium
708 3755 885 3820 ulciscendi
904 3757 1048 3821 studium
1064 3755 1193 3819 Tiberis

51 3864 270 3942 condemnat,
295 3864 350 3947 qui
376 3865 474 3928 uxori
500 3864 591 3942 iliae,
616 3883 658 3927 ex
683 3863 819 3928 Aeneae
843 3865 946 3950 stirpe
982 3864 1126 3949 genitae,
1153 3869 1189 3929 ut

51 3971 277 4047 satisfaceret,
304 3975 403 4034 extra
438 3970 528 4054 ripas
564 3989 718 4054 egressus
754 3971 923 4055 ingentem
960 3967 1035 4034 urbi
1073 3970 1194 4034 damna

53 4077 232 4142 intulerat.
274 4078 341 4140 lam
381 4096 462 4141 vero
500 4075 699 4141 calamitatis
742 4076 842 4162 finem
879 4082 916 4141 ut
957 4076 1076 4155 faciat,
1120 4076 1191 4160 quis

52 4183 194 4249 tandem
220 4183 404 4267 eligendus
430 4183 482 4248 cni
508 4183 616 4267 potius
641 4184 826 4248 communis
860 4185 997 4250 sceleris
1032 4183 1188 4268 expiandi

54 4311 181 4366 munus
205 4290 423 4365 deferendum
448 4291 510 4354 nisi
538 4290 906 4376 Octaviano,.omnium
939 4289 1189 4377 potentissimo?
