3000 5010
1354 198 1361 239 i

1351 244 1361 375 l

1355 395 1361 411 J

180 438 268 524 (auo)
1217 430 1296 524 [riq
1357 494 1361 516 ,

181 566 297 648 ltaque
320 565 419 628 etiam
444 582 545 627 carm.
565 563 587 626 l.
617 561 657 627 12
681 565 746 626 iam
771 559 894 625 dudum
918 573 1099 645 autequam
1138 561 1298 626 Marcellus
1357 591 1361 626 ·.

183 691 374 758 supremum
400 669 485 734 diem
509 668 626 748 obiret,
644 671 765 735 civium
783 668 937 733 manibus
960 671 1080 734 tritum
1105 674 1189 734 erat.
1208 669 1301 754 Neque

182 781 228 844 ita
244 785 316 844 erat
330 781 554 863 comparatum
573 784 611 842 ut
627 777 738 842 eadem
757 779 888 842 ratione
906 779 1076 862 ingratum
1095 782 1129 842 et
1146 778 1303 842 molestum

183 908 253 954 esse
270 893 378 973 posset
403 906 468 970 qua
492 886 641 950 carmina
668 888 701 949 iu
730 887 892 951 Murenae
909 886 1071 951 honorem
1088 887 1215 971 scripta
1237 885 1307 950 alia-

180 1016 243 1080 que
269 995 299 1059 id
319 1014 431 1079 genus,
448 991 567 1076 quibus
584 993 793 1058 clandestina
816 993 1030 1058 scelestorum
1050 993 1193 1058 consilia
1216 998 1248 1057 et
1262 991 1308 1057 de-

182 1107 291 1168 tectae
308 1101 554 1166 coniurationes
571 1101 603 1163 in
623 1101 783 1185 principis
800 1106 942 1165 mentem
961 1103 1214 1164 revocarentur.
1232 1096 1309 1173 Quin

179 1211 276 1275 etiam
302 1209 421 1293 opinor
444 1226 559 1271 uersus
584 1205 658 1271 illos
682 1204 714 1291 (c
733 1206 854 1272 crescit
879 1207 1017 1271 occulto.
1037 1256 1045 1273 .
1064 1255 1071 1270 .
1090 1258 1098 1274 .
1114 1204 1148 1293 »)
1173 1205 1311 1292 lugentis

180 1317 338 1402 principis
362 1315 484 1389 auimo,
509 1333 582 1377 cum
615 1318 709 1377 tanta
736 1315 867 1378 iactura
892 1334 958 1378 nou
987 1315 1129 1399 amplius
1161 1313 1311 1378 resarciri

179 1429 297 1509 posset,
323 1443 387 1487 non
413 1421 558 1486 moerori
581 1419 636 1484 sed
653 1421 773 1484 solacio
797 1427 831 1486 et
848 1421 1033 1486 medicinae
1057 1422 1193 1486 tuturos
1212 1421 1313 1487 luisse.

182 1533 247 1596 Nos
272 1550 412 1615 quoque,
436 1530 463 1593 si
489 1548 584 1613 quem
609 1530 895 1612 consanguiueum
917 1530 971 1594 vel
995 1527 1201 1595 familiarem
1228 1527 1314 1592 nobis

184 1640 340 1705 dilectum
365 1638 534 1702 amisimus
561 1672 604 1686 -
632 1650 737 1721 neque
762 1636 941 1702 absurdum
966 1637 1067 1702 credo
1091 1657 1179 1722 quae
1218 1638 1314 1701 animi

181 1748 288 1814 nostri
311 1747 462 1811 sentiunt
486 1765 559 1811 cum
585 1745 626 1809 iis
649 1764 733 1828 quae
757 1750 888 1810 veteres
911 1746 1090 1825 senserint,
1111 1763 1313 1830 comparare,

182 1852 446 1940 quandoquidem
471 1852 561 1916 nobis
585 1850 842 1915 existimandum
868 1856 927 1928 est,
945 1853 1153 1936 antiquitatis
1170 1853 1316 1916 homines

181 1966 316 2048 propter
339 1961 496 2025 fortunae
520 1958 765 2024 vicissitudines
789 1969 823 2024 et
846 1957 962 2024 dolore
986 1965 1020 2024 et
1044 1961 1167 2046 gaudio
1203 1959 1313 2024 eadem

180 2070 252 2134 lere
277 2068 406 2132 ratione
429 2087 494 2150 qua
519 2085 578 2129 uos
602 2063 737 2131 allectos
760 2086 831 2132 esse
848 2087 969 2132 —nos
993 2088 1135 2152 quoque,
1173 2069 1315 2152 inquam,

185 2180 212 2242 si
235 2196 330 2262 quem
356 2176 535 2249 amisimus,
560 2175 767 2258 aegritudine
792 2175 1000 2253 conficimur,
1014 2196 1054 2240 ac
1078 2183 1188 2240 tamen
1206 2178 1317 2242 nescio

184 2305 248 2370 quo
272 2287 369 2369 pacto
394 2283 426 2346 iu
453 2282 597 2345 maximo
637 2280 753 2346 dolore
792 2283 916 2368 aliquid
955 2284 1066 2349 solatii
1101 2284 1273 2364 habemus,
1298 2285 1320 2348 si

184 2389 344 2477 deperditi
368 2389 486 2474 capitis
525 2387 639 2453 laudes
663 2389 755 2453 uobis
795 2388 980 2474 praedicari
1010 2391 1172 2458 audimus.
1204 2393 1323 2456 Exem-

183 2500 236 2584 plo
261 2499 303 2563 sit
328 2497 423 2562 nobis
446 2497 604 2561 Horatius
630 2496 698 2580 ipse
723 2497 777 2579 qui
803 2496 1001 2561 mollissimis
1025 2497 1178 2563 versibus
1201 2498 1283 2562 odae
1300 2499 1320 2562 l.

183 2607 226 2672 24
250 2603 457 2671 immodicum
482 2604 620 2689 Vergilii
646 2602 793 2668 dolorem
819 2625 860 2668 ex
877 2602 1054 2679 Quinctilii
1078 2605 1221 2670 interitu
1247 2626 1320 2691 per-

182 2719 324 2799 ceptum,
351 2732 416 2777 uon
441 2711 639 2796 improbauit
663 2710 793 2795 quidem
817 2710 873 2776 sed
899 2713 1061 2775 mitiorem
1088 2712 1229 2778 reddere
1253 2719 1322 2778 stu·

188 2822 268 2896 duit,
279 2819 444 2885 defunctis
457 2819 554 2883 amici
567 2817 682 2883 laudes
695 2820 838 2884 carmini
853 2819 1016 2898 intexens,
1027 2819 1118 2883 illius
1131 2820 1323 2885 modestiam

186 2928 354 3004 iustitiam,
380 2925 487 3001 fidem,
512 2925 615 2989 animi
640 2925 817 2989 candorem
843 2922 1015 2990 extollens.
1041 2924 1195 2990 Catullus
1212 2933 1322 2993 autem

187 3054 289 3111 carm,
313 3033 422 3099 XCVI
462 3034 603 3097 amicum
644 3031 780 3096 Caluum
817 3031 1007 3097 consolatus
1041 3038 1101 3106 est,
1139 3030 1324 3107 Quintiliae

186 3141 301 3205 uxoris
325 3144 431 3204 morte
454 3136 639 3215 afflictum3
666 3144 698 3202 et
721 3139 865 3203 Manlius
890 3137 1081 3224 (Schwabio
1120 3145 1261 3205 auctore
1287 3139 1323 3229 (¹)

187 3247 331 3313 Manlius
355 3247 541 3331 Torquatus
564 3247 618 3310 cui
644 3247 776 3310 missum
801 3252 849 3310 est
873 3246 1095 3311 Catulliauum
1110 3267 1214 3312 carm.
1232 3248 1325 3332 LXI)

188 3376 263 3421 cum
287 3374 426 3420 uxorem
451 3358 561 3419 aetate
583 3351 754 3418 florentem
780 3356 954 3433 amisisset,
980 3355 1020 3419 ad
1046 3355 1193 3419 dolorem
1228 3377 1325 3420 suum

188 3461 430 3543 deleniendum‚
455 3460 621 3526 Catullum
661 3463 779 3538 oravit,
819 3466 857 3525 ut
894 3461 1044 3525 versibus
1068 3461 1223 3527 solatium
1256 3463 1326 3528 sibi

188 3569 375 3655 praeberet.
401 3569 581 3657 Statiusll)
604 3588 734 3654 quoque
767 3570 891 3654 aliique
928 3576 1043 3655 poetae
1079 3569 1326 3655 aegritudinem

189 3678 293 3742 animi
317 3682 355 3742 ut
389 3677 556 3756 laxarent,
592 3674 841 3741 demortuorum
880 3677 935 3761 qui
961 3677 998 3741 iis
1023 3677 1184 3742 carissimi
1219 3681 1325 3756 erant,

190 3782 304 3848 laudes
328 3803 449 3849 canere
474 3783 666 3848 maluerunt
700 3804 797 3869 quam
834 3804 915 3869 prae
950 3783 1065 3848 dolore
1096 3784 1325 3850 obmutescere

190 3893 286 3975 atque
311 3912 330 3956 a
354 3889 498 3974 qualibet
521 3894 834 3958 commemoratione
859 3891 1035 3960 abstinere.
1060 3890 1167 3968 Quam
1208 3892 1325 3959 crebro

259 4246 299 4315 (l)
320 4245 374 4299 Clu.
395 4243 505 4299 Pascoli
524 4244 633 4311 Lyram
652 4261 803 4298 romanam
822 4263 846 4315 p.
867 4244 910 4300 55.

261 4335 299 4406 (2)
319 4336 372 4390 cn.
393 4334 461 4390 silv.
481 4333 513 4387 V.
533 4333 558 4387 3.
