3000 5010
57 436 112 526 [31
1099 428 1189 516 (117)

146 565 242 629 Solus
268 563 446 629 Suetonius
470 563 632 627 certiores
655 578 715 623 nos
750 561 840 636 facit,
876 558 1052 622 Horatium
1080 557 1188 621 tribus

54 671 243 736 carminum
269 669 363 734 libris
388 669 555 753 exlongo
583 666 774 741 intervallo
799 664 941 750 Augusti
966 663 1067 752 iussu,
1094 684 1190 748 quar-

55 785 128 844 tum
152 777 326 843 addidisse.
353 775 466 842 Aede
492 775 710 860 epistularum
735 772 831 837 libris
859 777 981 849 monet,
1000 771 1105 856 priori
1123 772 1188 836 iam

56 887 153 952 edito
172 886 317 951 alterum
341 889 496 949 emissum
514 903 595 959 esse,
612 882 669 946 sed
685 881 771 946 nihil
788 880 828 945 de
845 880 1022 945 interiecto
1039 884 1190 966 tempore

54 993 235 1080 significat.
1254 982 1258 990 ’

145 1105 331 1171 Admodum
356 1105 460 1191 igitur
484 1104 565 1170 viris
590 1104 695 1169 doctis
720 1102 791 1189 ipsa
814 1102 981 1187 poematia
996 1101 1126 1167 sollerti
1143 1101 1192 1166 in-

54 1211 158 1296 genio
182 1213 367 1278 evolvenda
390 1218 489 1279 erant
512 1219 545 1278 et
569 1214 699 1277 trutina
723 1210 816 1295 quasi
841 1209 1075 1289 examinanda,
1093 1214 1129 1274 ut
1146 1230 1189 1274 ex

55 1320 99 1384 iis
124 1340 208 1406 qnae
232 1321 306 1405 plus
330 1320 482 1384 minusve
513 1320 554 1384 ad
588 1339 643 1384 res
678 1318 809 1384 Horatii
844 1316 1049 1402 temporibus
1081 1321 1190 1402 gestas

56 1433 210 1511 spectare
234 1427 442 1505 viderentur,
468 1447 572 1492 annos
589 1426 689 1491 etiam
707 1425 826 1510 quibus
842 1429 917 1490 orta
941 1430 1050 1490 essent
1074 1424 1190 1509 proba·

57 1534 173 1599 biliter
197 1533 387 1601 definirent.
411 1534 507 1599 Hanc
530 1532 753 1597 ratiocinandi
789 1531 877 1596 viam
912 1531 1011 1616 primi
1046 1531 1189 1617 ingressi

53 1648 136 1708 sunt
160 1643 386 1729 Francogalli,
411 1642 638 1726 Tanaquillus,
662 1640 781 1719 Faber,
813 1639 985 1719 Dacierus,
1010 1638 1077 1705 alii.
1101 1638 1191 1714 Quos

54 1753 149 1816 inter
162 1772 276 1817 omnes
292 1752 392 1837 longe
409 1751 574 1836 praestitit
589 1752 772 1825 Massonus,
792 1749 848 1835 qui
864 1749 1008 1834 primum
1026 1749 1060 1813 in
1078 1771 1096 1812 «
1115 1748 1190 1814 lani

54 1861 183 1944 templo
207 1865 358 1925 reserato
376 1885 394 1920 s
411 1857 451 1945 (ἱ)
475 1860 514 1925 de
531 1859 703 1924 nonnullis
720 1857 924 1923 carminibus
938 1857 1103 1935 disseruit,
1120 1863 1191 1923 tum

57 1968 224 2052 copiosius
237 1967 271 2032 in
289 1993 307 2028 e
322 1968 452 2033 Horatii
470 1968 539 2033 vita
555 1967 673 2032 ordine
689 1965 929 2051 chronologico
946 1964 1191 2054 delineata›(2)

62 2097 130 2160 quo
154 2096 251 2161 opere
275 2081 308 2140 et
331 2076 478 2161 eleganti
504 2076 657 2141 doctrina
682 2079 715 2139 et
735 2075 821 2139 mira
838 2074 1003 2140 industria
1019 2074 1192 2140 elaborato

61 2183 338 2268 «chronologiae
362 2183 567 2247 Horatianae
591 2182 843 2247 fundamenta»
882 2186 918 2246 ut
942 2181 989 2247 ait
1017 2179 1192 2260 Christius

60 2316 78 2352 a
99 2291 178 2355 iecit
201 2291 395 2355 certissima.
413 2315 431 2350 s
456 2291 600 2355 Massoni
624 2291 713 2355 enim
739 2290 835 2369 liber,
861 2289 1011 2375 quamvis
1042 2290 1131 2356 omni
1148 2310 1191 2355 ex

56 2403 157 2486 parte
182 2417 338 2464 errorum
362 2418 483 2483 expers
507 2417 575 2462 non
599 2398 650 2476 sit,
675 2399 729 2463 vel
753 2398 852 2463 hodie
876 2403 999 2476 tamen,
1034 2397 1061 2462 si
1096 2418 1192 2462 sum-

57 2528 147 2572 mam
172 2506 206 2570 in
231 2506 472 2571 commenticiis
495 2526 515 2571 a
538 2507 628 2571 veris
652 2507 895 2593 distinguendis
919 2506 1077 2572 adhibeas
1106 2527 1192 2572 cau-

57 2613 196 2692 tionem,
221 2613 295 2677 fons
319 2613 560 2697 quodammodo
595 2613 659 2678 dici
695 2619 811 2698 potest,
837 2613 925 2678 unde
949 2613 1116 2697 permulta
1140 2633 1192 2678 ea·

58 2740 123 2804 que
148 2719 323 2785 utilissima
347 2720 493 2785 haurias.
521 2721 585 2786 Sed
608 2722 780 2786 Massonus
796 2726 830 2785 et
845 2720 978 2805 reliqui,
997 2739 1077 2805 quos
1091 2721 1190 2805 paulo

54 2848 158 2912 supra
182 2828 375 2905 memoravi,
401 2846 526 2919 omnes
539 2828 580 2892 ad
597 2848 700 2892 unum
717 2827 752 2892 in
769 2828 979 2912 singulorum
1001 2827 1190 2913 poemation

55 2940 167 3001 aetate
192 2936 424 3021 investiganda
447 2936 571 3001 versati
595 2941 682 3014 sunt,
706 2936 865 3023 temporis
888 2956 970 3002 vero
993 2936 1109 3022 spatia,
1134 2936 1189 3002 in-

56 3049 113 3108 tra
138 3063 223 3127 quae
247 3044 380 3128 integra
404 3044 576 3110 volumina
600 3045 752 3110 confecta
776 3049 810 3110 et
832 3048 922 3109 foras
942 3044 1019 3110 data
1034 3044 1109 3121 sint,
1127 3044 1191 3109 oir-

56 3150 284 3215 cumscribere
309 3151 504 3215 omiserunt.
530 3150 743 3238 Quapropter
777 3152 961 3231 BentleiuS,
994 3153 1190 3237 praeclarus

56 3259 117 3322 ille
143 3257 289 3338 criticus
315 3260 370 3344 qui
408 3261 606 3344 praesertim
642 3261 730 3346 apud
765 3262 944 3346 populares
967 3265 1001 3326 et
1035 3261 1193 3347 aequales

59 3386 138 3430 suos
162 3366 284 3451 insigni
308 3365 423 3432 floruit
458 3368 668 3445 auctoritate,
704 3368 936 3454 Francogallis
971 3374 1005 3434 et
1038 3371 1191 3435 Massono

56 3473 190 3551 obiecit,
215 3474 375 3539 ieiuniam
401 3474 476 3540 illos
500 3476 534 3539 in
558 3476 700 3561 singulis
724 3477 908 3542 tractandis
932 3476 1094 3542 obscurae
1121 3475 1193 3540 dili-

57 3582 193 3667 gentiae
217 3582 348 3647 laudem
375 3582 587 3667 quaesivisse,
622 3585 691 3649 «in
726 3585 837 3670 operis
860 3604 942 3651 vero
966 3604 1094 3649 summa
1110 3588 1192 3649 toto·

57 3708 123 3773 que
147 3689 378 3754 constituendo
402 3709 474 3753 rem
499 3709 555 3755 eos
578 3689 755 3755 admodum
791 3689 973 3755 infeliciter
1004 3689 1190 3777 gessisse.»

56 3796 102 3860 At
126 3800 242 3880 sponte
267 3795 487 3881 intellegitur,
521 3780 740 3862 vehementer
774 3797 884 3862 virum
920 3796 1052 3862 doctum
1088 3817 1191 3862 erra-

127 4079 165 4149 (ll
184 4079 316 4134 Messon:
336 4081 404 4134 Jani
417 4082 554 4150 templum
570 4080 676 4136 Christo
688 4092 819 4136 nascente
830 4093 995 4138 reseratum.
1009 4082 1196 4150 Roterodami,

54 4170 87 4224 17
107 4172 133 4224 0.
1141 4221 1143 4225 ,

88 4173 106 4225 0
127 4257 168 4326 (2)
188 4257 319 4311 Messon:
343 4259 373 4316 Q.
391 4259 507 4312 Horatii
525 4261 624 4314 Flacci
642 4261 701 4313 vita
721 4261 822 4314 ordine
835 4260 1032 4332 chronologico
1047 4263 1193 4319 delineata.

53 4346 188 4417 Lugduni
201 4347 375 4412 Batavorum,
391 4346 466 4405 1708.
