3000 5010
200 485 279 575 [129]
1220 480 1313 568 (243)

265 615 448 681 Praeterea
482 619 575 680 331113
611 612 783 692 credibile,
816 614 904 698 quod
938 612 1144 697 Kiesslingio
1175 612 1312 698 placuit,

196 723 316 809 carmini
339 724 364 790 1.
389 724 421 801 4,
446 721 546 808 (quod
570 721 672 808 vulgo
697 719 837 789 iuvenili
862 715 979 808 poetae
1002 721 1106 785 aetati
1123 719 1314 784 adimlicant

149 894 153 907 ,
196 832 277 913 atque
298 829 417 914 procul
440 828 541 893 dubio
564 828 671 892 multo
695 832 773 892 ante
796 847 922 891 annum
947 827 1010 891 731
1038 823 1313 910 3111113311131-

191 935 372 1001 13313313
396 936 516 1001 Sesti»
544 934 717 1000 31110731
744 940 844 1017 atque
868 954 906 996 eo
931 934 1070 998 consilio
1094 934 1223 996 inserta
1240 951 1311 993 esse

190 1047 222 1106 ut
240 1062 393 1127 prospera
415 1040 516 1107 Sestii
540 1041 689 1119 fortuna,
716 1039 925 1104 consulatum
951 1046 1020 1103 tum
1057 1040 1220 1123 gerentis,
1252 1057 1315 1101 ex-

188 1148 377 1214 tolleretur?
400 1149 537 1213 Minime
554 1168 645 1221 vero,
663 1149 859 1232 praesertim
877 1148 904 1210 si
923 1145 1115 1211 consideres
1132 1143 1235 1208 verba
1254 1144 1313 1208 illa

180 1259 368 1340 ‚neutiquam
392 1275 432 1321 eo
455 1274 554 1320 sensu
580 1253 776 1338 accipienda
801 1258 837 1316 ut
861 1253 960 1316 Sestii
986 1253 1129 1317 felicitas
1153 1274 1172 1317 e
1196 1272 1315 1316 consu·

189 1365 250 1430 latu
272 1367 411 1451 repetita
434 1363 637 1436 celebretur,
660 1363 716 1428 sed
741 1365 863 1427 rectius
888 1364 934 1425 ita
959 1361 1180 1446 intelligenda
1204 1368 1242 1425 ut
1272 1358 1313 1422 ad

189 1473 458 1557 ‹operosiores›
483 1470 582 1536 Sestii
611 1470 744 1534 divitias
760 1468 967 1547 referantur,
987 1467 1194 1553 pallidasque
1213 1469 1313 1532 morti

188 1582 385 1663 opponantur
408 1598 493 1662 quac
520 1596 661 1660 «aequo
684 1576 795 1659 pulsat
820 1575 901 1659 pede
937 1596 1117 1660 pauperum
1155 1574 1314 1640 tabernas

191 1705 356 1771 regumque
379 1689 503 1750 turres.
517 1708 535 1743 ›
560 1681 685 1757 Quodsi
702 1687 797 1766 poeta
814 1701 902 1745 anno
919 1682 980 1746 731
1000 1682 1193 1767 gratulandi
1213 1702 1314 1745 causa

191 1792 361 1858 honorifico
385 1794 460 1857 loco
485 1811 618 1857 carmen
645 1790 797 1855 consulto
822 1791 1028 1863 inseruisset,
1054 1789 1184 1854 ridendi
1203 1789 1314 1873 proie-

185 1906 234 1965 cto
256 1902 423 1966 materiem
450 1898 576 1964 idcirco
602 1898 815 1983 praebuisset,
833 1898 919 1982 qnod
938 1899 1064 1963 consuli
1081 1897 1314 1983 gratulaturus

191 2008 286 2072 nullas
307 2008 388 2072 alias
405 2008 478 2072 eius
503 2005 619 2070 laudes
636 2011 772 2090 praeter
791 2025 1002 2090 «puerorum
1019 2025 1164 2069 amorem
1180 2029 1198 2063 1
1217 2023 1314 2088 prae-

191 2113 361 2189 dicarisset,
386 2115 444 2197 qui
468 2132 534 2178 non
557 2117 644 2176 tecte
668 2111 799 2197 qnidam
831 2114 984 2197 tangitur
1019 2111 1074 2175 sed
1111 2123 1227 2195 aperte
1262 2110 1313 2174 si-

192 2219 360 2305 gnificatur
384 2218 516 2285 verbis:

269 2368 333 2429 Nec
355 2379 504 2429 tenerum
529 2368 673 2448 Lycidan
696 2364 865 2438 mirabere,
891 2387 957 2446 quo
980 2367 1062 2427 calet
1086 2367 1236 2427 iuventus

271 2474 361 2535 Nunc
384 2473 489 2535 omnis
505 2486 537 2535 et
561 2495 636 2536 mox
659 2475 801 2552 virgines
826 2474 993 2552 tepebunt.

265 2654 435 2717 Postremo
451 2652 650 2736 Kiesslingii
669 2654 896 2716 coniecturam
916 2651 1016 2735 plane
1034 2651 1075 2714 ad
1092 2651 1311 2715 refellendam

196 2761 291 2823 nescio
306 2781 347 2825 an
365 2763 514 2825 omnium
527 2759 763 2844 gravissimum
778 2758 1011 2823 documentum
1026 2759 1069 2821 sit
1082 2779 1186 2822 carru.
1196 2758 1260 2822 Vll
1273 2757 1314 2822 ad

149 2894 152 2911 =
196 2860 348 2931 Plancum.
366 2867 402 2930 In
420 2885 483 2949 quo
501 2885 569 2928 non
586 2884 694 2948 pauca
711 2885 781 2930 esse
798 2865 899 2949 digna
916 2885 1002 2948 qnae
1019 2865 1313 2949 reprehenduntur

195 2974 224 3030 31
242 2973 344 3037 critici
369 2979 403 3037 et
427 2974 627 3056 interpretes
646 2973 829 3035 rectissime
847 2978 1062 3050 monuerunt,
1080 2991 1155 3035 curn
1176 2980 1313 3037 senten-

196 3075 299 3141 tiarum
321 3085 423 3164 atque
449 3080 592 3162 partium
618 3083 686 3141 tam
710 3075 802 3142 fluxa
826 3080 869 3142 sit
892 3080 1045 3142 iunctura
1069 3084 1170 3162 atque
1188 3081 1314 3144 cohae-

149 3198 153 3235 1
201 3187 291 3250 centia
313 3191 352 3250 ut
374 3184 495 3249 indae
530 3184 643 3249 v.150
674 3207 795 3249 novum
834 3186 905 3250 fere
940 3189 1129 3271 poemation
1167 3189 1314 3273 incipere

149 3312 152 3381 ς
198 3289 338 3357 rideatur.
365 3293 480 3375 Neque
505 3294 629 3355 iniuria
655 3300 783 3356 veteres
808 3292 940 3376 qnidam
962 3296 1166 3379 interpretes
1183 3297 1215 3358 in
1233 3294 1316 3358 odae

203 3402 419 3482 compositione
443 3401 490 3462 ita
515 3397 730 3464 offenderunt
747 3404 784 3464 ut
800 3421 842 3464 ex
859 3400 1103 3486 Porphyrionis
1128 3404 1317 3466 testimonio

149 3504 152 3523 ²
199 3499 251 3567 duo
270 3509 418 3571 carmina
440 3509 476 3571 111
502 3527 605 3571 unum
631 3509 702 3572 1313
726 3528 848 3591 corpus
872 3527 1025 3573 connexa
1042 3512 1143 3592 atque
1161 3510 1317 3592 copulata

199 3623 259 3674 esse
278 3615 497 3679 coniecerint.
521 3613 617 3689 Quod
644 3613 801 3679 iudicium
827 3616 853 3679 si
878 3614 939 3679 tibi
966 3636 1029 3680 non
1055 3614 1217 3692 arrideat,
1236 3615 1317 3680 illud

201 3713 292 3782 tamen
315 3720 490 3796 concedes,
513 3721 670 3785 licentius
697 3727 838 3806 poetam,
864 3742 906 3786 ne
930 3723 1037 3787 dicam
1063 3722 1222 3787 audacius
1240 3724 1317 3788 inde

149 3820 158 3901 ζ
206 3836 255 3887 av.
273 3826 324 3892 15ο
338 3849 345 3893 :
359 3848 380 3892 a
393 3830 561 3912 proposito
580 3828 770 3914 divagatum
789 3849 871 3905 esse,
889 3830 939 3893 vel
955 3833 1154 3895 sententiam
1172 3830 1316 3914 aliquam

149 3908 156 4027 1
202 3923 420 4012 intermediam,
441 3955 505 4020 qua
529 3937 614 3999 111133
633 3941 745 4020 partes
763 3939 854 4001 inter
869 3959 904 4003 se
922 3937 1147 4024 iungerentur
1164 3943 1318 4024 praeter-

205 4037 323 4106 missam.
351 4042 524 4118 Quocirca
549 4045 674 4128 optimo
702 4045 776 4108 11113
805 4048 932 4110 monuit
960 4046 1190 4111 Buechelerus
1207 4048 1317 4110 omni-

149 4162 154 4201 .·
207 4136 251 4207 bus
270 4168 367 4234 prope
390 4151 585 4216 Horatianis
609 4151 823 4243 carminibus
839 4152 1014 4218 obscurius
1036 4153 1100 4217 hoc
1124 4160 1159 4218 et
1184 4155 1319 4220 involu-

149 4254 156 4323 J
206 4244 258 4313 1113
276 4254 329 4320 sibi
353 4259 460 4322 visum
484 4279 565 4326 esse.
591 4257 655 4323 Sed
672 4264 745 4323 utut
761 4281 815 4324 res
830 4281 866 4325 se
883 4261 993 4342 habet,
1011 4282 1076 4345 quo
1093 4262 1226 4326 tandem
1245 4266 1317 4328 iure

149 4406 154 4461 ².
206 4362 382 4429 contendere
405 4362 529 4445 licebit,
554 4366 728 4432 Horatium
753 4371 929 4454 septimum
955 4371 1062 4435 locum
1088 4369 1128 4435 de
1153 4371 1317 4437 industria
