3016 5010
63 521 143 567 meo
168 501 300 587 quidem
325 501 459 582 iudicio,
486 500 619 590 longius
643 527 663 570 a
686 500 829 570 veritate
854 502 1066 570 aberraverit
1100 502 1202 591 (anno

63 608 157 674 enim
182 609 248 673 732
271 609 367 675 odam
392 608 551 698 assignat)
586 611 683 677 istam
717 617 829 677 tamen
865 611 906 677 de
942 632 1031 678 anno
1054 612 1119 675 710
1146 611 1202 675 vel

45 717 127 791 ,711
155 717 345 802 opinionem
370 715 481 783 fictam
506 738 578 783 esse
602 719 839 784 animadvertit
873 719 1011 804 eiusque
1047 723 1201 784 auctores

43 882 46 887 .
64 824 172 890 firmis
195 826 403 911 argumentis
419 827 578 894 refellere
596 834 734 893 conatus
751 833 809 893 est.
827 825 865 915 (¹)
882 827 996 903 Quare
1012 828 1111 893 facile
1127 848 1202 893 cre-

65 934 123 1000 das
148 940 222 1020 post
244 935 434 1000 Massonum
460 941 494 1000 et
515 936 702 1001 Frankium
727 958 794 1001 non
831 936 972 1020 amplius
1001 956 1200 1021 quemquam

64 1042 233 1106 exstitisse
258 1042 313 1127 qui
338 1042 379 1106 de
402 1043 608 1129 temporrbus
632 1044 833 1128 interempto
868 1042 1003 1108 Caesari
1038 1043 1200 1129 proximis

63 1149 241 1234 cogitaret.
265 1151 315 1216 Ac
337 1155 450 1216 tamen
474 1151 527 1215 vir
552 1151 667 1218 doctus
691 1151 965 1229 Fuerstenauius‚
989 1151 1044 1217 cui
1075 1151 1199 1217 nostris

62 1257 182 1324 diebus
205 1259 413 1346 Duentaerus
436 1259 660 1343 adstipulatur
684 1259 779 1324 odam
805 1279 894 1324 anno
918 1259 994 1338 713,
1019 1280 1093 1324 cum
1111 1258 1201 1324 bella

18 1402 35 1411 -
61 1363 184 1454 civilia
203 1365 324 1430 iterum
349 1370 551 1430 exarserunt
575 1372 609 1432 et
644 1387 687 1432 ex
722 1366 823 1431 Cassii
858 1367 974 1432 Dionis
1008 1366 1199 1432 testimonio

61 1473 153 1539 Medi
176 1473 398 1550 rebellarunt,
412 1474 625 1558 compositam
651 1474 803 1540 credidit·
819 1473 858 1563 (²)
962 1484 965 1489 ’

152 1580 198 1646 At
220 1580 316 1646 nullo
338 1580 474 1664 negotio
497 1581 524 1644 si
548 1601 685 1646 carmen
708 1586 837 1646 tantum
863 1579 1059 1667 perlegeris,
1087 1583 1198 1647 statim

56 1688 245 1774 intelliges,
269 1687 359 1753 viros
382 1688 495 1753 doctos
520 1688 671 1755 intanto
699 1710 818 1755 errore
855 1690 929 1754 ideo
966 1690 1198 1775 permansisse,

56 1796 151 1882 quod
176 1795 276 1862 unice
299 1795 340 1861 ad
364 1796 468 1860 verba
492 1821 510 1856 ‹
528 1797 679 1862 Caesaris
703 1799 794 1863 ultor
813 1790 835 1860 >i
857 1797 1084 1862 attenderunt.
1102 1797 1198 1873 Quae

59 1905 198 1989 quidem
223 1901 328 1968 verba
352 1908 389 1966 ut
413 1903 512 1988 paulo
528 1903 617 1968 infra
635 1905 843 1990 argumentis
860 1904 1106 1982 demonstrabo
1129 1925 1198 1971 non

60 2010 204 2097 propria
226 2031 265 2075 ac
288 2009 450 2094 peculiari
474 2009 720 2095 significatione
744 2013 831 2079 idem
855 2013 969 2078 valent
993 2033 1032 2078 ac
1058 2012 1198 2098 «patris

59 2118 167 2197 ultor,
193 2117 357 2183 bellorum
381 2135 443 2201 ope
467 2116 616 2181 adhibita
631 2142 650 2177 >
675 2118 732 2183 sed
756 2119 905 2204 graviori
931 2119 1072 2203 quadam
1097 2125 1130 2183 et
1152 2122 1199 2182 te-

55 2222 169 2314 ctiori
186 2224 219 2288 vi
242 2224 391 2298 subiecta
415 2224 578 2289 eiusmodi
603 2226 748 2291 ultorem
772 2227 958 2312 designant,
982 2227 1038 2311 qui
1063 2225 1104 2291 ab
1135 2247 1197 2291 ar-

55 2333 124 2397 mis
149 2331 347 2411 abhorrens,
373 2330 495 2396 sedatis
519 2332 686 2397 intestinis
721 2333 905 2413 discordiis,
941 2333 1067 2398 labenti
1095 2353 1198 2418 repu-

56 2439 151 2504 blica
174 2443 299 2516 ereota‚
323 2437 376 2523 pie
399 2442 596 2502 renovatam
621 2437 773 2502 Caesaris
797 2439 992 2503 memoriam
1010 2438 1196 2523 posteritati

59 2554 163 2631 atque
186 2545 380 2611 aeternitati
405 2545 698 2611 commendaturus
721 2547 772 2610 sit.

154 2653 218 2718 Sed
241 2652 365 2718 nostris
389 2652 504 2717 diebus
529 2673 644 2717 omnes
677 2673 745 2718 uno
779 2655 850 2717 fere
886 2672 945 2718 ore
981 2653 1069 2716 hanc
1099 2652 1195 2717 odam

62 2766 142 2826 ante
165 2781 311 2846 pugnam
336 2761 507 2826 Actiacam
531 2767 639 2827 ortam
664 2781 735 2825 esse
770 2764 906 2846 negant.
942 2761 991 2826 Ac
1026 2766 1119 2827 recte
1150 2762 1198 2827 ita

60 2873 224 2947 statuunt,
249 2887 316 2933 non
342 2888 383 2932 ea
406 2888 487 2933 vero
512 2868 552 2933 de
576 2889 686 2947 causa,
711 2889 809 2952 quam
833 2867 1118 2933 Mitscherlichius
1136 2868 1197 2956 (as-

60 2976 228 3042 sentiente
254 2976 485 3064 Grotafendio)
510 2978 623 3042 attulit
639 2976 808 3042 affirmans
824 2977 955 3041 nullum
973 2978 1103 3045 Horatii
1120 2999 1198 3043 car-

61 3105 140 3150 men
163 3085 320 3170 lyrioum‚
344 3086 414 3151 sive
439 3086 576 3151 levioris
598 3086 667 3150 sive
692 3087 859 3171 gravioris
883 3086 1084 3172 argumenti,
1118 3092 1196 3153 ante

60 3213 90 3257 a.
115 3175 423 3278 imcompositam
448 3213 529 3258 esse.
554 3190 592 3280 (³)
618 3192 652 3257 ld
677 3192 776 3272 enim,
801 3213 844 3258 ne
868 3214 1005 3278 prorsus
1026 3214 1196 3260 commen-

129 3477 168 3549 (1)
186 3476 341 3542 Musaeum,
363 3476 392 3534 0.
412 3473 482 3529 Hor.
502 3476 545 3530 ri.
566 3477 624 3529 vita
644 3475 703 3530 ord.
727 3473 821 3530 aaron.
843 3477 983 3530 delineata
1011 3441 1111 3547 (liugd.
1140 3479 1199 3533 Bat.

59 3565 143 3637 1708)
160 3583 184 3637 p.
206 3566 289 3618 41-44
308 3571 337 3619 01
353 3583 379 3635 p.
398 3564 528 3622 233-257.

128 3654 169 3726 (2)
183 3656 237 3711 Cir.
250 3656 283 3708 A.
302 3655 484 3719 Fuerstenau,
502 3653 543 3707 Da
562 3655 723 3707 carminum
743 3653 850 3721 aliquot
868 3654 1092 3708 Horatioaaram
1112 3653 1200 3708 alire-
1288 3650 1289 3654 ’

53 3746 181 3816 noioyia,
202 3743 334 3799 Hersfeld
356 3743 441 3808 18383
460 3747 488 3796 et
508 3741 671 3811 Zaitschrist
682 3741 736 3812 fiir
754 3743 982 3797 Altertamswiss.
1000 3742 1075 3809 1840,
1088 3761 1114 3815 p.
1128 3744 1198 3809 6693

54 3830 763 3902 00001101,ΚνῑιίήαηάΕνὴίᾱναηρ01011ον01.
787 3830 930 3894 Gadichte,
960 3833 1003 3887 lll.
1033 3834 1063 3886 B.
1083 3834 1199 3888 Braun-

55 3925 183 3996 schweig
204 3924 281 3991 1843,
301 3942 327 3994 p.
350 3924 399 3988 ls;
419 3924 478 3978 Dio.
498 3923 574 3977 Cass.
593 3923 636 3988 48,
655 3922 690 3977 24
709 3939 767 3995 sqq.

128 4015 172 4089 (3)
190 4015 244 4069 Cir.
265 4013 425 4080 Grotefend,
439 4011 887 4083 801111111011011001010011010
900 4014 949 4068 das
961 4015 1109 4081 Horatius,
1124 4011 1200 4069 Han-

54 4122 145 4162 never
166 4103 253 4172 18493
272 4109 300 4158 et
317 4103 432 4158 Horatii
443 4104 532 4155 vitam
550 4119 567 4154 a
585 4101 762 4156 Grotelendio
792 4103 969 4174 descriptam,
999 4121 1067 4176 quae
1095 4104 1200 4173 legitur

53 4196 85 4252 in
104 4194 310 4268 Enoyolopedia
328 4193 484 4248 litterarum
503 4195 537 4247 ab
557 4192 671 4247 Erechio
699 4199 727 4248 et
755 4194 882 4249 Grubero
910 4195 994 4262 edita,
1023 4193 1077 4250 rol.
1111 4195 1151 4262 10,
1172 4214 1198 4268 p.

54 4287 110 4344 454
130 4303 191 4360 sqq.
