3000 5010
343 439 406 506 120
723 434 727 440 ’
808 470 812 485 ·
1411 419 1458 512 [6]
1499 423 1500 444 l

324 436 418 631 butio)
438 567 552 646 Floro,
576 588 638 632 our
662 566 813 653 flagitata
846 565 998 632 earmina
1032 582 1100 630 non
1136 559 1288 636 misisset,
1326 565 1459 647 praeter

325 673 393 742 alia
416 675 501 743 haec
525 676 727 765 respondet?

370 859 450 943 quid
473 859 574 923 dem?
597 860 677 940 quid
701 881 776 923 nom
800 861 901 923 dem?
924 860 1033 924 renuis
1057 871 1091 922 tu
1116 857 1204 939 quod
1221 857 1314 919 iubet
1330 856 1430 934 alten

371 967 460 1051 quod
483 967 576 1051 petis,
602 968 636 1031 id
659 990 737 1033 sane
760 969 898 1034 invisum
923 981 972 1034 est
995 970 1187 1051 acidumque
1209 965 1353 1031 duobus.

416 1151 442 1214 E
466 1149 668 1214 Bentleiana
690 1154 802 1214 tamen
826 1153 1014 1235 temporum
1038 1147 1276 1214 constitutione
1301 1146 1394 1211 illud
1418 1151 1463 1212 ta·

326 1275 402 1320 men
427 1256 566 1341 dignum
590 1261 650 1334 est,
675 1258 762 1341 quod
786 1257 914 1322 ordinis
938 1257 1070 1334 seriem,
1095 1275 1161 1340 qua
1183 1254 1280 1318 varia
1304 1253 1463 1320 Horatia-

326 1383 448 1428 norum
473 1370 661 1448 poematum
686 1384 814 1449 genera
836 1386 871 1430 se
903 1367 1120 1450 exceperunt,
1155 1367 1247 1426 reete
1267 1361 1463 1448 perspexit

327 1472 365 1536 In
389 1471 529 1556 reliquis
552 1492 634 1537 vero
658 1493 719 1558 per
742 1473 913 1559 integrum
937 1466 1109 1537 saeculum
1133 1469 1345 1536 doctissimos
1378 1471 1464 1537 viros

327 1577 468 1663 decepit,
492 1579 572 1663 quin
597 1580 697 1645 etiam
722 1580 794 1644 eius
817 1581 966 1645 rationes
990 1583 1166 1664 tantopere
1190 1577 1273 1641 viris
1289 1577 1405 1644 doctis
1421 1599 1466 1645 ar·

328 1685 494 1764 ridebant,
518 1693 556 1753 ut
573 1688 742 1753 Gesnerus
767 1694 800 1754 et
825 1690 937 1765 Tatus,
962 1687 1016 1752 vel
1039 1691 1109 1751 tum
1135 1706 1210 1751 cum
1232 1683 1465 1772 discrepantes

327 1795 511 1859 sententias
534 1796 837 1880 deprehenderent,
862 1797 895 1860 in
920 1795 1055 1860 dubium
1081 1815 1137 1860 eas
1154 1813 1278 1858 vocare
1296 1794 1467 1862 detrecta-

328 1907 417 1979 rent,
441 1901 652 1968 diffioultates
676 1905 784 1989 potius
809 1905 850 1969 ad
885 1904 1062 1968 arbitrium
1099 1903 1287 1987 intringere
1325 1905 1468 1971 mallent

329 2010 442 2095 itaque
476 2012 635 2096 scrupula
668 2012 819 2077 eximere
853 2016 1070 2077 conarentur.
1105 2010 1269 2095 Exempla
1313 2010 1465 2079 afferam.

331 2117 474 2182 Carmen
498 2119 541 2183 24
565 2119 643 2184 libri
669 2122 682 2184 l
706 2158 750 2168 —
774 2120 822 2184 ad·
849 2119 1042 2204 Vergilium
1077 2120 1250 2184 Maronem
1281 2157 1326 2167 -—
1367 2122 1467 2209 vulgo

330 2225 527 2310 adsignatur
550 2248 638 2293 anno
663 2229 728 2294 730
746 2227 786 2292 ab
805 2249 836 2291 u.
862 2248 890 2292 o.
914 2247 979 2311 quo
1003 2231 1166 2311 tempore,
1183 2230 1326 2292 auctore
1345 2230 1467 2296 Hiero-

329 2354 441 2418 nymo,
459 2334 498 2420 (¹)
522 2334 706 2410 Quintilius
729 2337 843 2401 Varus
868 2355 886 2399 e
910 2335 980 2400 vita
1003 2335 1154 2401 excessit.
1177 2334 1241 2399 Sed
1257 2333 1351 2401 liber
1368 2340 1384 2402 Ι
1400 2359 1469 2404 ear

330 2443 456 2507 minum
481 2463 499 2508 e
523 2444 668 2509 Bentleii
690 2445 878 2510 rationibus
902 2445 992 2510 intra
1016 2465 1121 2510 annos
1145 2443 1210 2508 725
1234 2448 1268 2508 et
1291 2443 1363 2510 728
1389 2467 1469 2514 con-

329 2553 435 2616 fectus
459 2557 517 2618 est.
544 2550 632 2627 Quid
656 2554 789 2619 tandem
814 2555 928 2620 attulit
952 2556 1053 2619 Tatus
1078 2558 1115 2617 ut
1138 2572 1254 2617 rerum
1279 2572 1352 2620 non
1390 2557 1469 2622 exi-

328 2679 428 2744 guam
445 2662 705 2746 repugnantiam
722 2662 939 2728 removeret?
956 2663 1164 2748 Hieronymo
1181 2660 1313 2725 auctori
1330 2682 1468 2730 omnem

329 2767 428 2834 fidem
453 2771 641 2836 inconsulte
666 2772 854 2858 denegavit.
879 2773 933 2838 Sic
951 2772 984 2836 Ο.
1010 2773 1049 2836 ll.
1075 2772 1096 2836 9
1120 2776 1154 2836 et
1179 2770 1236 2834 IV.
1266 2769 1318 2846 12,
1344 2773 1468 2838 amba·

328 2877 425 2962 gibus
448 2883 481 2941 et
505 2879 646 2962 argutiis
669 2882 853 2965 exquisitis,
878 2883 969 2945 intra
993 2878 1161 2944 cancellos
1178 2900 1198 2942 a
1215 2879 1372 2945 Bentleio
1389 2902 1470 2948 eon·

329 2984 462 3048 stitutos
485 2983 748 3064 collocaverunt,
774 2988 924 3071 quamvis
958 3004 1075 3049 eorum
1111 2990 1263 3070 tempora
1285 2985 1369 3052 istos
1394 3009 1469 3055 can·

331 3092 434 3158 cellos
458 3091 572 3176 egredi
598 3092 658 3178 ipsi
684 3098 784 3158 antea
807 3093 1036 3159 credidissent.

420 3197 534 3274 Quare
558 3199 658 3263 huius
681 3199 806 3265 saeculi
832 3199 895 3263 viri
922 3198 1008 3265 docti
1027 3198 1100 3264 iure
1118 3201 1305 3285 meritoque
1331 3222 1468 3289 magno

331 3327 411 3392 pere
450 3306 617 3371 mirantur
655 3307 741 3392 quod
766 3306 908 3371 Bentleii
945 3305 1104 3385 rationes
1141 3308 1230 3372 omni
1256 3306 1467 3377 dubitatione

331 3420 496 3500 exempta,
522 3413 680 3480 universo
703 3417 774 3480 fere
799 3433 934 3480 assensu
958 3414 1193 3501 comprobatae
1216 3419 1305 3488 sunt,
1335 3415 1467 3502 sibique

331 3522 516 3606 explanare
532 3523 682 3608 eupiunt,
700 3529 813 3589 utrum
839 3522 871 3589 id
889 3522 1067 3589 diutatoria
1084 3527 1189 3609 quasi,
1207 3542 1273 3607 qua
1288 3522 1465 3590 Bentleius

330 3627 420 3692 inter
444 3627 593 3694 eruditos
616 3630 733 3707 valuit,
758 3631 958 3698 :irretoritato
982 3628 1136 3697 allatum
1172 3630 1223 3697 sit.
1260 3650 1301 3693 an
1334 3651 1466 3696 summa

328 3731 462 3811 fiducia,
487 3755 553 3818 qua
575 3735 701 3801 iudicia
723 3759 784 3804 sua
807 3738 840 3805 iu
866 3738 1061 3805 laevissima
1085 3737 1308 3825 disputatione
1330 3756 1467 3805 enume

330 3839 428 3916 ravit,
455 3860 497 3904 an
521 3840 624 3925 ipsius
647 3842 791 3930 tleiriquo
817 3846 864 3911 rei
883 3844 1077 3911 dilllrultato
1095 3852 1129 3910 ot.
1145 3843 1361 3921 etiamn-itare,
1377 3865 1465 3930 quae

330 3947 521 4032 aequalium
545 3951 660 4017 oculos
684 3952 953 4037 praestrinxerit
978 3952 1018 4041 pi
1043 3952 1204 4041 liquidem
1230 3951 1307 4016 iude
1329 3950 1364 4016 id
1387 3973 1466 4038 pro-

398 4265 437 4336 (l)
458 4266 513 4322 cfr.
534 4267 645 4324 Hieron.
668 4268 770 4326 (roien.
794 4270 889 4327 deaut.
909 4272 947 4327 ait
965 4272 999 4328 ot
1021 4273 1209 4329 vialata

398 4355 437 4424 (2)
457 4354 512 4410 Otr.
531 4356 578 4412 W.
598 4357 628 4411 Ε.
648 4357 760 4417 Weber.
784 4358 813 4421 0.
837 4358 934 4415 linuit.
948 4360 1069 4419 rainu
1081 4363 1123 4419 atr
1134 4360 1247 4417 ,uses
1264 4360 1325 4415 aad
1338 4361 1465 4429 Dichter,
