3000 5010
355 434 447 524 (138)
1419 443 1433 533 l
1452 447 1472 526 ‘l
1497 442 1500 484 ³

355 584 426 629 cam
452 585 597 650 pugnam
622 566 767 632 omnimo
791 568 1003 652 praeciderit.
1032 568 1156 633 Verbis
1173 575 1290 634 autem
1319 596 1336 633 α
1357 572 1463 638 uxori

357 672 462 736 amnis
478 697 496 730 »
525 674 633 738 «Jove
656 694 723 738 non
749 675 909 760 probante
928 701 945 735 »
964 697 1006 741 ex
1023 676 1164 741 Weberi
1187 678 1374 757 sententia,
1397 680 1463 747 ind

356 785 485 864 genter,
511 785 545 844 at
569 782 660 846 clare
685 787 807 861 tamen,
832 784 976 848 ostendit
1001 790 1098 869 poeta
1123 784 1312 849 ulciscendi
1334 787 1461 853 studia

356 893 571 953 contemnere
596 895 630 952 et
654 888 869 954 triumvirum
893 890 1033 955 consilia
1057 891 1097 956 ab
1115 891 1218 956 armis
1235 913 1306 957 non
1325 894 1463 961 discedo

357 995 399 1073 di,
426 995 486 1059 nisi
512 995 663 1061 Caesaris
695 997 928 1063 interfectores
953 999 992 1063 de
1018 999 1125 1064 medio
1149 1000 1383 1082 sustulissent,
1417 1002 1480 1068 oir'

356 1102 417 1168 bus
441 1103 579 1198 indigna
604 1125 674 1169 esse
690 1104 866 1190 significat,
884 1107 1002 1191 quibus
1019 1110 1148 1193 patriae
1164 1109 1266 1175 saluti
1292 1110 1465 1196 prospicio

358 1211 434 1276 dum
459 1212 511 1276 sit.
535 1213 598 1278 Sed
623 1213 695 1297 quis
718 1214 852 1278 tandem
877 1219 970 1279 tanto
994 1214 1179 1279 discrimini
1196 1216 1371 1282 auxilium
1389 1222 1481 1285 feret

347 1308 443 1386 ‘Audi
469 1321 566 1386 modo
589 1320 796 1386 Weberum:
824 1323 964 1387 «Poeta
988 1345 1018 1390 ν.
1035 1323 1293 1402 arduanium,
1313 1346 1386 1391 non
1404 1325 1448 1392 Oe

357 1427 493 1492 vianum
515 1426 746 1512 alloquitur».
771 1431 862 1494 Haeo
885 1435 997 1494 tamen
1021 1430 1134 1496 omnia
1168 1453 1255 1516 quae
1293 1433 1350 1498 vir
1381 1434 1470 1501 doci

358 1535 498 1621 protulit
521 1540 558 1599 ut
580 1555 716 1601 carmen
742 1536 849 1621 primo
873 1538 945 1602 veri
970 1539 1049 1603 anni
1086 1539 1152 1604 723
1175 1539 1387 1623 vindicaret,
1423 1562 1482 1609 mor

358 1642 490 1727 quidem
515 1643 637 1708 iudicio
673 1644 874 1709 coniecturis
898 1645 1088 1711 fulciuntur
1112 1647 1217 1731 iisque
1243 1668 1391 1733 prorsus
1413 1648 1479 1716 laci·

356 1751 455 1835 leque
479 1750 683 1828 refellendis
709 1750 735 1815 si
760 1751 844 1816 illud
868 1752 1025 1836 excipias,
1063 1755 1149 1839 quod
1184 1756 1368 1822 Horatium
1405 1758 1479 1824 ulci-

357 1858 469 1924 scendi
494 1858 604 1923 studia
628 1864 843 1924 contemnere
867 1858 1054 1926 affirmavit.
1080 1863 1163 1926 Nam
1188 1863 1339 1948 primum
1365 1866 1480 1952 depae

359 1971 413 2031 tae
437 1966 585 2031 moribus
609 1973 700 2030 recte
724 1964 986 2052 incorruptoque
1010 1968 1036 2031 si
1061 1968 1198 2047 iudices,
1222 1969 1328 2036 facile
1345 1972 1480 2038 Webero

358 2073 518 2139 concedes
554 2073 729 2159 vulgarem
764 2079 1003 2141 assentatorem
1040 2097 1116 2141 eum
1152 2097 1219 2142 non
1256 2078 1363 2145 fuisse
1398 2085 1480 2166 atque

359 2179 534 2245 Octaviani
560 2180 708 2264 partibus
731 2187 801 2244 tum
825 2181 945 2246 favere
969 2183 1125 2268 coepisse,
1151 2205 1226 2250 cum
1252 2184 1480 2270 imperiumst

358 2309 462 2352 unum
485 2287 611 2353 deferri
635 2289 841 2374 reipublicae
865 2290 1026 2356 interesse
1051 2292 1195 2357 vidisset.
1233 2292 1298 2358 Sed
1334 2295 1480 2361 carminis

359 2395 502 2461 lectione
527 2396 573 2461 ita
595 2403 629 2461 te
654 2395 738 2462 affici
762 2418 829 2464 non
865 2398 1013 2483 negabis,
1050 2405 1086 2464 ut
1119 2420 1159 2464 co
1194 2405 1349 2485 tempore
1383 2384 1489 2469 ortuo¹

358 2510 462 2589 putes
487 2525 552 2590 quo
575 2505 734 2570 Horatius
758 2506 798 2571 ad
823 2507 974 2572 Caesaris
999 2509 1179 2574 amicitiam
1205 2509 1271 2573 iam
1288 2511 1480 2577 accessisset

359 2612 454 2688 Quod
479 2613 507 2678 si
524 2614 696 2693 concedas
720 2615 894 2699 quomodo,
919 2636 1052 2700 quaeso,
1079 2616 1327 2682 inconstantiae
1344 2617 1480 2685 crimina

358 2722 552 2808 purgandus
577 2729 662 2788 esset
686 2722 780 2788 nobis
804 2724 973 2803 Horatius
998 2724 1023 2788 si
1050 2746 1079 2788 v.
1115 2724 1372 2790 balatonium
1408 2728 1479 2792 tacu

359 2829 587 2915 significasset,
612 2831 772 2896 extremis
796 2852 877 2896 vero
901 2830 1062 2909 versibus,
1099 2831 1276 2896 Caesarem
1306 2818 1489 2918 appellans

359 2959 473 3003 omncs
497 2959 570 3023 spes
595 2939 628 3004 in
652 2941 722 3004 solo
747 2939 932 3004 Octaviano
956 2960 991 3002 se
1014 2939 1201 3022 reposuisse
1226 2938 1354 3005 diserte
1377 2942 1481 3027 plano·

361 3067 424 3130 qne
448 3046 668 3112 ostendisset?
691 3047 805 3130 Neque
818 3046 951 3111 silentio
965 3046 1257 3131 praetereundum,
1282 3046 1480 3113 nullomodo

360 3155 580 3221 Octavianum
605 3176 693 3221 anno
717 3156 783 3221 723
806 3155 1035 3247 pacificatoris
1052 3176 1192 3220 munere
1217 3155 1357 3240 dignum
1376 3152 1479 3223 haberi

360 3264 513 3350 potuisse.
539 3266 590 3328 Ex
614 3284 679 3348 quo
704 3264 790 3328 enim
817 3285 891 3329 cum
912 3263 1001 3348 turpi
1019 3264 1143 3328 femina
1160 3262 1340 3348 Cleopatra
1358 3264 1480 3330 coniun

360 3378 432 3438 ctus
456 3373 529 3451 luit,
554 3374 782 3438 Romanorum
807 3372 1074 3439 benevolentiam
1099 3371 1241 3456 amplius
1263 3371 1326 3457 sibi
1353 3372 1479 3438 allicere

359 3502 427 3546 non
452 3481 567 3567 potuit.
593 3482 703 3566 Atque
727 3484 752 3545 si
788 3482 909 3560 ordini,
946 3500 1010 3567 quo
1047 3479 1199 3544 carmina
1233 3499 1324 3544 nunc
1363 3479 1478 3565 digestu

359 3587 519 3673 nobisque
543 3588 668 3653 tradita
691 3593 778 3667 sunt,
803 3589 928 3674 aliquid
952 3587 1104 3653 tribuere
1140 3585 1221 3651 velis
1257 3590 1290 3650 et
1315 3586 1406 3652 hanc
1435 3582 1479 3650 di·

358 3697 518 3781 sponendi
544 3697 707 3762 rationem
732 3696 832 3786 (quod
856 3697 897 3762 ad
921 3695 989 3760 tria
1013 3694 1126 3779 priora
1163 3692 1315 3756 carmina
1351 3686 1478 3778 spectat)

359 3812 399 3879 ab
424 3815 491 3898 ipso
516 3807 655 3874 Horatio
679 3811 860 3892 profectam
885 3824 1030 3881 censeas
1055 3822 1129 3866 eum
1155 3801 1283 3865 scilicet
1317 3806 1385 3866 tam
1418 3801 1479 3865 ino·

360 3927 451 4009 ptum
475 3922 637 3995 futurum,
661 3919 837 4000 tantopere
861 3912 940 3998 quid
964 3911 1099 3976 deceret
1123 3909 1360 3994 neglecturum
1389 3907 1477 3973 fuisse

359 4028 508 4114 negabis
531 4030 569 4090 ut
592 4023 733 4090 carmini
757 4023 798 4088 ad
820 4023 1048 4086 Maecenatem
1073 4017 1182 4082 dicato
1199 4017 1350 4102 eclogam
1367 4008 1477 4100 insigni

360 4139 434 4203 loco
458 4134 635 4211 subiceret,
660 4131 693 4196 in
719 4152 784 4215 qua
808 4129 948 4215 pristina
972 4147 1056 4211 quae
1092 4126 1132 4190 de
1164 4122 1338 4209 republica
1369 4121 1477 4189 sensis·

361 4250 411 4318 set
434 4243 575 4313 consilia
597 4240 796 4324 divulgaret.
825 4237 974 4332 Denique
992 4240 1028 4298 ut
1044 4233 1171 4311 sileam,
1190 4233 1276 4332 quod
1293 4232 1372 4298 inde
1388 4231 1474 4312 etiam
