3000 5010
14 441 100 531 {23J
1071 437 1161 526 (137)

11 571 221 650 convenire,
240 570 280 635 ad
297 569 381 633 illud
400 574 509 634 tamen
528 569 744 635 intervallum
767 567 971 655 potissimum
989 567 1160 653 pertinere

12 679 217 756 videantur,
255 697 318 762 quo
354 677 523 762 Augustus
559 698 680 763 magno
717 678 895 743 comitante
931 675 1093 754 exercitu,
1117 694 1161 740 ex

14 787 168 854 Oriente
193 786 332 852 Romam
349 784 520 851 rediturus
537 790 621 862 erat,
641 792 676 851 ut
699 787 739 851 de
764 785 883 871 pugnis
908 785 1056 862 Actiaca,
1081 782 1162 846 Dal-

15 894 149 961 matica
185 900 286 978 atque
318 891 551 960 Alexandrina
585 893 774 978 splendidos
808 893 996 977 triumphos
1032 895 1158 976 ageret.

17 1003 142 1086 Neque
167 1000 210 1066 ab
235 1001 298 1067 hoc
336 1000 495 1084 temporis
519 1000 625 1085 spatio
650 1000 767 1066 deduci
792 1000 905 1078 velim,
942 999 1035 1064 Sicut
1070 998 1159 1064 enim

16 1117 125 1174 antea
151 1109 278 1187 monui,
304 1106 523 1173 Octavianum
551 1107 626 1172 inde
644 1129 663 1172 a
679 1106 790 1172 reditu
808 1126 850 1173 ex
875 1107 1015 1173 Oriente
1039 1111 1156 1191 poetae

17 1222 102 1283 rota
128 1217 270 1300 explere
302 1216 460 1300 coepisse,
484 1215 531 1280 ita
562 1236 652 1280 nunc
687 1215 870 1279 notandum
905 1214 986 1279 mihi
1012 1214 1157 1292 videtur,

19 1343 137 1408 neque
162 1323 340 1389 Horatium
366 1343 501 1387 carmen
526 1323 566 1388 ad
591 1323 777 1408 Augustum
803 1342 822 1386 a
847 1321 955 1406 patria
980 1321 1160 1406 absentem,

19 1432 165 1497 militiae
193 1431 389 1496 muneribus
421 1431 597 1507 intentum,
622 1431 811 1508 missurum,
835 1450 944 1515 neque
981 1430 1157 1496 Caesarem

18 1546 141 1626 poetae
167 1540 335 1606 voluntati
370 1540 606 1605 obsecuturum
643 1536 754 1625 fuisse,
790 1539 853 1603 nisi
890 1540 954 1604 iam
991 1539 1158 1605 Antonius

23 1648 208 1712 defunctus
233 1647 371 1731 eiusque
395 1647 560 1712 sociorum
586 1652 619 1711 et
645 1646 816 1710 fautorum
841 1644 931 1711 vires
965 1647 1157 1712 deminutae

17 1755 76 1818 vel
125 1774 266 1839 prorsus
314 1751 506 1819 debilitatae
546 1758 664 1818 essent.
706 1753 844 1819 Accedit
883 1754 970 1838 quod
1010 1754 1157 1839 «magni

18 1861 221 1947 triumphi»
249 1862 383 1928 Caesari
409 1867 578 1947 optantur,
604 1861 670 1946 qui,
689 1882 786 1945 quam
812 1867 887 1946 apte
904 1861 945 1925 ad
968 1861 1157 1946 splendidos

24 1971 103 2035 illos
127 1991 215 2035 anno
239 1971 305 2034 725
330 1971 476 2056 agendos
501 1971 624 2036 referri
661 1970 795 2056 possint,
832 1975 975 2034 nonest
1009 1970 1156 2055 quinon

22 2077 286 2144 animadvertat.
304 2077 344 2168 (¹)
361 2078 396 2142 ld
421 2098 557 2163 prorsus
582 2077 733 2162 neglexit
750 2076 929 2156 Weberm,
948 2078 1002 2162 qui
1021 2097 1158 2143 carmen

24 2186 93 2250 iam
120 2186 227 2272 primo
253 2208 333 2252 vere
358 2187 436 2253 anni
461 2187 527 2252 723
550 2186 774 2271 conscriptum
800 2206 871 2251 esse
895 2186 1061 2272 opinatur.
1086 2186 1158 2250 Ar-

17 2299 186 2381 gumenta
209 2316 229 2360 a
253 2295 326 2360 viro
350 2295 446 2361 docto
469 2315 530 2381 pro
555 2315 643 2360 anno
666 2294 732 2358 733
756 2295 888 2379 prolata
912 2294 950 2382 (²)
968 2293 1078 2360 statim
1103 2294 1158 2362 hic

17 2409 185 2470 excutere
210 2402 292 2466 mihi
316 2401 407 2468 libet.
479 2386 484 2399 ’

106 2510 252 2574 Fatetur
277 2509 447 2574 Weberus
470 2508 630 2574 carminis
661 2508 805 2573 lectione
841 2507 888 2572 ita
923 2528 958 2572 se
995 2506 1082 2573 affici
1121 2513 1157 2574 ut

18 2615 83 2680 illis
107 2614 264 2680 versibus
288 2621 475 2682 extremum
513 2614 679 2679 contineri
716 2615 952 2680 documentum
988 2613 1155 2681 amicitiae

22 2723 151 2800 sentiat,
177 2743 277 2807 quam
301 2722 460 2788 Horatius
485 2744 560 2788 cum
581 2721 728 2787 Antonio
753 2721 891 2810 eiusque
914 2721 1060 2786 factione
1081 2740 1157 2785 con·

20 2831 175 2911 traxerit,
200 2831 396 2897 Maecenate
420 2834 559 2897 auctore
583 2830 702 2894 sensim
729 2828 927 2908 dissolverit,
953 2833 1025 2918 post
1043 2828 1156 2897 lotia-

88 3167 128 3239 (l)
147 3169 187 3222 De
208 3168 354 3239 triumphis
376 3186 541 3240 magnopere
559 3171 594 3224 ab
612 3169 674 3223 aliis
704 3169 792 3224 doctis
813 3169 879 3224 viris
893 3169 1024 3223 dissentit
1043 3168 1161 3222 Schuet-

29 3256 83 3320 zius.
101 3258 144 3312 his
164 3275 231 3312 usus
251 3259 361 3322 verbis3
383 3279 398 3312 a
417 3276 494 3314 ames
513 3259 669 3330 triumphos
689 3279 705 3313 ›>
725 3261 781 3314 und
802 3280 817 3314 c
838 3260 892 3313 dici
920 3260 1050 3330 princeps
1070 3276 1085 3309 a
1106 3261 1161 3312 be-

33 3346 143 3403 zeichnen
164 3349 292 3404 wirklich
312 3355 398 3403 etwas
416 3350 692 3420 geschehene83eret
711 3351 748 3404 im
768 3350 917 3420 folgenden
937 3366 1016 3404 verse
1037 3348 1077 3417 (51
1097 3365 1159 3401 ¹neu

10 3494 15 3505 ι
37 3433 94 3490 unas
107 3440 201 3494 Medos
212 3440 336 3513 equitare
347 3441 463 3506 inultos)
476 3441 544 3510 liegt
563 3443 625 3495 eine
639 3441 846 3510 Aufforderung
865 3458 898 3494 zu
912 3441 973 3493 dem
988 3457 1046 3493 was
1060 3440 1162 3497 weiter.

40 3528 170 3589 geschehen
188 3530 241 3584 soll
261 3530 327 3599 (1.1.
348 3549 372 3600 p.
391 3531 428 3599 7).
449 3531 606 3602 Unicuique
625 3531 733 3584 scilicet
753 3530 826 3602 quod
846 3531 906 3584 vult
924 3536 1008 3601 atque
1034 3532 1159 3600 praefert

10 3604 17 3653 l
40 3611 238 3688 placerepotest.
260 3622 361 3674 Nescio
390 3626 481 3675 tamen
509 3638 564 3692 quo
593 3625 673 3690 pacto
692 3620 720 3672 in
751 3619 863 3673 Horatio
884 3619 996 3689 saepius
1025 3636 1108 3691 quam
1130 3618 1158 3672 in

42 3700 81 3757 alio
96 3714 169 3776 poeta
186 3710 352 3764 illustrando
371 3711 554 3781 interpretum
567 3712 722 3764 sententiae
738 3710 827 3764 variae
847 3727 879 3764 ac
893 3711 1082 3780 discrepantes
1093 3708 1157 3762 sint.

17 3832 20 3841 ·
44 3787 83 3845 Hoc
98 3803 182 3853 autem
202 3799 262 3854 loco
283 3801 372 3870 magis
391 3801 592 3855 attendendum
612 3800 665 3853 fuit
684 3801 763 3854 docto
787 3801 846 3853 viro
865 3802 901 3854 ad
920 3817 1014 3854 rerum
1035 3805 1062 3852 et
1093 3816 1158 3852 ver-

44 3877 114 3939 borum
130 3890 340 3956 cohaerentiam,
370 3907 440 3962 quae
469 3890 606 3944 eiusmodi
627 3890 725 3942 seriem
746 3891 867 3944 efficiunt
886 3891 977 3958 (serus
1009 3891 1105 3943 redeas
1124 3920 1159 3928 —

21 4044 24 4049 Ι
44 3967 76 4022 diu
89 3975 191 4034 intersis
205 4011 239 4020 —
250 3998 319 4034 neve
339 3986 367 4034 te
386 3981 465 4035 tollat
475 4012 511 4021 -
523 3981 568 4034 hic
586 3997 661 4034 ames
681 3981 836 4050 triumphos
848 4013 882 4021 —
896 3981 941 4034 hic
960 3997 1035 4032 ames
1056 3980 1110 4032 dici
1123 4008 1156 4020 -

20 4067 182 4139 ¹11elsinas),
203 4075 244 4133 ut,
263 4070 469 4141 intersaepta
496 4079 523 4124 et
554 4070 693 4139 colligata,
735 4087 790 4125 non
809 4071 910 4141 partim
929 4071 964 4124 ad
995 4069 1157 4142 praeterita,

43 4152 116 4213 Partim
132 4160 164 4211 ad
184 4162 278 4213 futura
296 4159 345 4213 sed
364 4159 398 4213 ad
419 4178 505 4215 unum
525 4159 652 4238 idemque
671 4166 796 4240 spectare
816 4160 971 4224 uideantur.

16 4278 19 4283 ·
95 4248 127 4320 (2)
145 4250 172 4304 L.
191 4251 208 4304 l.
231 4269 256 4327 p.
280 4250 329 4304 178
349 4267 408 4332 sgq.
