3000 5010
331 396 421 489 (126)
1398 390 1459 492 [12]

328 529 443 593 tioium
469 528 644 614 appellem,
669 527 867 593 testimoniis
892 527 991 612 plane
1014 527 1208 593 destitutum
1231 535 1395 614 apparet.
1411 527 1461 595 Sed

328 655 413 718 quae
430 640 528 719 poeta
551 635 615 699 hoc
638 633 787 700 carmine
812 635 852 698 de
887 633 1061 719 republica
1095 634 1198 698 sensit
1229 639 1265 700 et
1293 635 1461 721 expressit,
1499 617 1500 654 ³

327 742 580 806 exhortationes
603 741 638 805 in
662 740 883 806 Octavianum
907 745 1025 820 factae,
1050 747 1087 806 ut
1110 741 1231 806 summi
1257 742 1402 828 imperii
1419 763 1463 828 po
1498 722 1500 790 l

328 849 452 914 tiretur
475 871 656 935 pacemque
681 850 885 928 restitueret,
916 850 1075 915 carminis
1110 851 1255 936 denique
1288 853 1461 918 consilium

328 957 547 1022 vehementer
571 957 669 1022 fidem
692 950 830 1035 faciunt,
855 959 938 1022 haec
955 964 1033 1023 ante
1049 957 1173 1022 bellum
1190 958 1382 1025 Actiacum
1399 960 1465 1026 scri·

328 1063 360 1128 bi
385 1085 453 1129 non
476 1065 631 1150 potuisse.
656 1065 771 1149 Neque
795 1064 884 1129 enim
908 1070 986 1129 ante
1010 1086 1135 1130 annum
1156 1064 1233 1144 723,
1251 1067 1321 1131 etsi
1340 1066 1464 1133 Horatii

328 1173 476 1238 amicitia
500 1172 533 1237 in
558 1173 741 1239 Antonium
766 1173 832 1237 iam
856 1173 913 1238 diu
930 1173 1101 1252 vacillare,
1118 1178 1151 1239 et
1168 1174 1386 1256 claudicare,
1404 1195 1466 1243 coe·

328 1285 434 1366 perat,
458 1277 695 1346 familiaritatis
717 1285 840 1360 tamen,
877 1303 942 1366 qua
977 1282 1019 1347 ad
1053 1282 1225 1368 Philippos
1263 1304 1363 1360 usus
1389 1289 1464 1364 erat,

329 1387 492 1479 memoria
514 1409 651 1473 prorsus
675 1389 786 1454 animo
810 1394 1010 1469 excesserat,
1035 1396 1081 1468 ut,
1107 1389 1161 1475 qui
1187 1389 1269 1455 olim
1296 1391 1344 1457 ab
1367 1391 1465 1459 Octa-

328 1496 427 1562 viano
451 1497 581 1562 alienus
606 1497 731 1576 fuisset,
764 1503 904 1582 repente
939 1497 1011 1562 eius
1046 1497 1160 1563 fautor
1193 1495 1296 1564 fieret
1331 1499 1466 1587 eiusque

327 1604 470 1689 gloriam
495 1611 645 1690 augeret.
671 1606 719 1670 Ne
744 1605 859 1685 multa,
883 1606 983 1671 liceat
1006 1605 1087 1670 mihi
1112 1605 1324 1672 contendere
1352 1614 1388 1675 et
1411 1608 1467 1676 Ho

327 1711 462 1791 ratium,
486 1733 561 1778 cum
585 1733 722 1778 carmen
758 1713 932 1792 scriberet,
970 1713 1004 1778 in
1040 1712 1219 1779 amicitiam
1256 1715 1465 1801 Maecenatis

327 1818 391 1884 iam
415 1826 588 1905 receptum
613 1820 844 1904 artissimoque
869 1820 1004 1886 vinculo
1039 1820 1255 1885 coniunctum
1280 1824 1404 1905 fuisse,
1439 1829 1466 1890 et

325 1928 493 1993 Romanos
510 1928 599 1993 cives
611 1934 681 1994 tum
694 1929 853 2013 temporis
870 1928 935 1992 iam
952 1927 1157 2013 perspexisse
1174 1927 1361 1997 admodum
1379 1933 1464 2019 pacis

326 2034 498 2114 interesse,
523 2042 560 2100 ut
583 2036 639 2115 ait,
665 2036 807 2115 Tacitus
833 2056 963 2101 omnem
988 2039 1183 2120 potestatem
1207 2034 1242 2099 in
1268 2058 1394 2120 unum,
1415 2039 1464 2106 cui

327 2161 441 2207 omnes
465 2141 683 2222 confiderent,
708 2143 864 2209 conferri.
891 2142 998 2218 Quam
1034 2142 1075 2208 ob
1110 2163 1183 2208 rem
1206 2141 1350 2210 videtur
1387 2144 1463 2212 mihi

326 2249 490 2315 Christius
513 2251 638 2316 rectius
661 2250 803 2319 fortasse
828 2257 964 2316 acturus
980 2251 1091 2330 fuisse,
1108 2253 1135 2315 si
1152 2271 1220 2317 non
1237 2252 1353 2318 solum
1372 2275 1463 2321 men-

325 2358 494 2424 daciorem
517 2360 654 2424 illorum
678 2359 879 2445 opinionem,
904 2359 960 2445 qui
984 2361 1081 2426 odam
1105 2360 1202 2426 annis
1227 2359 1389 2445 Caesaris
1406 2363 1460 2429 in-

324 2467 466 2533 terfecto
489 2467 651 2553 proximis
674 2466 854 2546 vindicant,
890 2467 1078 2547 refellisset,
1110 2467 1169 2534 sed
1203 2466 1307 2533 etiam
1345 2475 1461 2556 poetae

324 2576 359 2643 in
383 2576 611 2663 componendo
635 2576 785 2642 carmine
808 2576 982 2642 consilium
1007 2576 1201 2663 diligentius
1236 2576 1457 2662 explorasset,

322 2686 577 2770 exploratumne
600 2684 703 2751 verbo
729 2684 861 2770 quidem
885 2683 1058 2770 attigisset,
1084 2704 1149 2770 quo
1184 2682 1370 2750 dilucidius
1399 2706 1457 2772 pa-

321 2798 418 2869 teret,
443 2793 619 2858 Horatium
643 2797 721 2856 ante
745 2791 870 2856 bellum
895 2791 1069 2857 Actiacum
1093 2791 1133 2857 ab
1158 2789 1337 2856 Octaviani
1376 2812 1455 2878 par·

321 2899 410 2964 tibus
433 2899 641 2977 alieniorem,
668 2895 768 2964 etiam
792 2920 812 2963 a
835 2899 1010 2984 pangendo
1033 2900 1097 2965 hoc
1132 2897 1293 2976 carmine,
1331 2905 1372 2964 ut
1399 2919 1455 2986 par

322 3006 396 3085 fuit,
422 3006 648 3077 abhorruisse.

412 3116 482 3179 lam
498 3115 539 3179 ad
563 3114 696 3199 reliqua
712 3135 796 3199 quae
813 3114 854 3180 ad
868 3115 1094 3200 quaestionem
1119 3113 1291 3201 pertinent
1309 3118 1453 3181 transeo.

324 3221 463 3287 illorum
487 3222 521 3287 in
546 3243 724 3287 numerum
747 3224 945 3288 referendus
970 3228 1020 3288 est
1033 3222 1208 3302 ChristiuS,
1233 3221 1451 3308 quiquidem,

322 3351 397 3395 cum
421 3331 678 3416 haudquaquam
703 3330 870 3398 affirmare
894 3332 1046 3397 dubitent
1062 3351 1198 3397 carmen
1215 3348 1304 3396 anno
1321 3330 1391 3396 727
1403 3329 1452 3396 vel

321 3440 383 3504 731
402 3439 457 3505 vel
473 3438 539 3504 732
562 3439 722 3524 scriptum
748 3460 828 3517 esse,
843 3439 961 3526 quibus
976 3438 1182 3524 temporibus
1199 3436 1331 3502 Tiberis
1348 3437 1452 3504 amnis

321 3545 455 3610 alveum
479 3546 633 3626 excessit,
658 3545 697 3635 (¹)
720 3546 842 3612 incerti
867 3555 979 3613 tamen
1015 3545 1170 3632 pendent,
1207 3565 1304 3631 quem
1343 3547 1450 3632 potius

321 3651 442 3716 horum
467 3673 634 3719 annorum
658 3651 798 3739 reliquis
829 3655 957 3720 duobus
992 3657 1187 3740 praeferant
1221 3651 1451 3740 aptioremque

322 3759 473 3844 probent.
500 3760 575 3837 Qua
599 3762 634 3826 in
658 3762 859 3829 iudiciorum
884 3762 1108 3848 discrepantia
1132 3760 1366 3847 disputationis
1383 3783 1452 3828 am·

320 3865 460 3952 bagibus
484 3888 566 3954 opus
589 3875 724 3935 nonest
748 3876 785 3936 ut
809 3870 979 3956 intelligas
997 3868 1132 3934 Christii
1155 3867 1344 3934 sententiae
1360 3868 1397 3934 in
1414 3887 1450 3942 eo

321 3978 450 4040 tantum
464 3977 689 4043 accedendum
702 3998 774 4044 esse
787 3980 873 4064 quod
892 3997 1028 4045 carmen
1044 3979 1069 4042 Ι.
1086 3975 1107 4042 2
1123 3996 1211 4042 anno
1228 3976 1293 4042 727
1306 3975 1450 4045 adscribi

388 4314 428 4390 (1)
447 4314 525 4371 Dion.
547 4314 623 4370 case.
643 4313 662 4370 l.
681 4313 724 4381 53,
743 4314 793 4380 20;
812 4313 855 4383 53,
874 4313 923 4386 33;
944 4313 987 4384 54,
1011 4357 1030 4370 ..
