3000 5010
63 407 119 495 [u
1108 402 1198 488 oni

61 536 192 600 sectum
217 555 288 600 esse
313 535 433 619 opinor
456 535 544 619 quod
568 534 758 618 saepissime
782 534 940 618 temporis
956 535 1062 617 spatio
1081 534 1198 597 huma-

58 663 107 707 na
132 647 242 706 aetate
266 642 412 727 longiori
437 662 520 726 opus
544 640 592 719 fit,
620 647 656 706 ut
679 641 890 727 quaestiones
926 661 1011 726 quae
1036 640 1076 705 de
1107 645 1198 705 tem-

59 750 202 835 poribus
225 751 442 815 enucleandis
458 750 692 827 instituuntur,
708 749 793 814 bene
811 749 1004 834 procedant,
1028 749 1085 813 sed
1103 749 1200 834 potis·

57 857 184 921 simum
209 877 227 921 e
250 857 410 921 tarditate
433 863 467 922 et
490 857 626 941 ignavia
649 877 734 940 quae
760 860 793 921 in
818 856 1007 922 huiusmodi
1028 856 1138 922 studia
1154 858 1197 922 ir·

57 968 228 1049 repserat.
254 967 368 1048 ltaque
392 966 565 1029 Bentleius
589 965 644 1049 qui
670 964 814 1030 fidenter
838 965 1078 1045 arbitrabatur,
1109 967 1197 1050 quod

55 1073 278 1139 falsissimum
303 1079 362 1148 est,
387 1094 488 1137 carm.
514 1074 573 1137 IV.
602 1075 642 1137 12
666 1073 700 1137 in
724 1073 916 1158 Vergilium
953 1079 1083 1158 poetam
1115 1075 1199 1140 scri-

56 1186 157 1266 ptum
181 1200 262 1257 esse,
287 1180 386 1266 plane
410 1181 562 1265 neglexit
585 1188 741 1267 quartum
767 1181 960 1247 Garminum
996 1182 1119 1246 librum
1155 1203 1199 1248 ex

56 1289 168 1374 ipsius
192 1287 379 1353 rationibus
404 1288 494 1352 intra
518 1308 546 1352 a.
572 1290 637 1352 738
660 1294 694 1353 et
718 1289 783 1352 739
807 1292 996 1354 confectum
1016 1310 1098 1368 esse,
1115 1292 1201 1355 Ver-

58 1398 185 1482 gilium
209 1402 320 1462 autem
346 1398 411 1462 iam
437 1418 526 1463 anno
549 1397 615 1461 735
640 1398 680 1462 de
697 1397 766 1460 vita
782 1397 995 1482 migravisse,
1007 1399 1117 1483 Atque
1139 1399 1201 1465 Ge-

57 1526 185 1570 snerus
208 1505 413 1570 contendere
438 1505 569 1589 quidem
595 1526 695 1569 ausus
719 1510 769 1568 est
795 1524 864 1568 «se
887 1505 1037 1589 singulas
1068 1505 1199 1571 Horatii

57 1613 200 1698 eclogas
222 1618 520 1697 recognoscentem
545 1613 731 1698 diligenter
750 1613 934 1677 attendisse
956 1612 982 1676 si
1008 1614 1087 1696 quid
1114 1619 1200 1679 esset

57 1723 274 1787 Bentleianis
296 1727 483 1806 temporum
508 1720 694 1786 rationibus
719 1722 906 1798 adversum,
931 1741 993 1786 nec
1016 1722 1201 1806 deprehen-

59 1830 152 1894 disse
176 1829 354 1914 quidquam
381 1828 467 1912 quod
492 1832 696 1892 momentum
717 1827 852 1911 aliquod
869 1827 909 1891 ad
927 1847 983 1892 eas
1000 1831 1200 1895 evertendas

60 1937 253 2004 haberet.»
280 1935 375 2011 Quae
400 1936 576 2020 diligentia
599 1957 698 2019 quam
722 1935 818 2021 parvi
842 1935 1049 2001 aestimanda
1062 1937 1114 2016 sit,
1132 1959 1200 2004 uno

64 2046 241 2112 ostendam
263 2047 428 2131 exemplo.
453 2046 559 2110 Plane
583 2044 705 2110 oblitus
729 2045 782 2109 vir
806 2045 922 2111 doctus
946 2047 1121 2111 Horatium
1139 2069 1202 2112 an-

64 2174 111 2219 no
135 2154 184 2220 8.⁰
207 2174 235 2217 a.
253 2153 312 2221 Oh.
329 2174 361 2218 n.
387 2153 576 2228 decessisse,
600 2152 831 2217 coniecturam
855 2154 947 2218 illam
972 2174 1015 2219 ex
1036 2176 1102 2240 qua
1118 2155 1202 2221 Gar·

64 2261 157 2326 mine
181 2263 204 2325 l.
230 2261 274 2325 35
296 2261 408 2326 clades
424 2282 444 2324 a
461 2259 644 2335 Quinctilio
668 2260 763 2326 Varo
788 2281 876 2326 anno
900 2262 947 2327 9.⁰
964 2283 993 2346 p.
1012 2262 1071 2328 ch.
1096 2285 1128 2328 n.
1151 2285 1202 2330 ac-

63 2374 163 2454 cepta
187 2368 377 2454 respicitur,
403 2388 463 2453 pro
488 2368 694 2453 ineptissima
719 2388 822 2434 «non
839 2370 936 2434 valde
959 2368 1122 2435 firmam»
1142 2393 1202 2459 ap-

64 2477 217 2563 pellavit.

155 2585 206 2650 Ac
229 2591 341 2650 tamen
365 2587 548 2662 Bentleius,
574 2586 654 2652 licet
676 2591 725 2652 tot
756 2608 799 2653 ex
834 2588 984 2672 partibus
1018 2593 1086 2656 tam
1117 2589 1202 2655 falsa

68 2694 305 2779 reiciendaque
329 2696 493 2775 attulerit,
517 2696 551 2761 in
576 2696 817 2761 constituendis
837 2697 1052 2782 temporibus,
1070 2698 1110 2764 de
1126 2699 1202 2784 qui-

69 2802 129 2868 bus
153 2824 228 2869 mea
252 2803 430 2890 disputatio
453 2803 522 2884 fiet,
546 2805 787 2890 quodammodo
810 2810 904 2870 recte
931 2805 1130 2872 iudicavisse
1150 2808 1202 2873 vi-

68 2911 180 2978 detur.

157 3021 341 3088 Enimvero
364 3021 391 3087 si
416 3023 601 3108 exceperis,
626 3023 712 3109 quod
736 3024 914 3089 Horatium
944 3024 1087 3090 credidit
1114 3026 1203 3092 inte-

66 3151 167 3215 grum
192 3151 317 3195 annum
332 3151 351 3194 a
367 3129 532 3217 fingendis
548 3131 754 3197 carminibus
770 3153 908 3217 prorsus
924 3132 1088 3198 abstitisse
1103 3140 1203 3219 atque

65 3238 219 3322 singulos
254 3238 439 3302 carminum
476 3238 607 3304 libellos
642 3240 819 3304 seiunctim
850 3239 1008 3317 emisisse,
1039 3244 1202 3325 tempora,

65 3344 188 3429 quibus
211 3346 398 3410 carminum
422 3345 490 3411 tria
512 3346 685 3411 volumina
709 3351 742 3411 et
758 3346 904 3431 priorem
922 3347 1142 3431 epistularum
1158 3347 1203 3411 li-

66 3452 167 3517 brum
193 3452 257 3516 iam
283 3453 406 3538 publici
432 3454 516 3518 iuris
539 3454 628 3518 iacta
652 3474 723 3519 esse
747 3454 873 3532 statuit,
898 3453 1014 3519 eadem
1037 3457 1109 3520 fere
1125 3460 1203 3519 sunt

66 3566 170 3647 atque
194 3561 254 3626 illa
277 3583 362 3647 quae
386 3562 565 3641 Frankius
583 3563 618 3626 in
635 3562 822 3628 huiusmodi
842 3562 1091 3649 quaestionibus
1108 3563 1203 3649 prin-

60 3884 142 3948 Jena,
165 3882 241 3947 1844,
260 3901 286 3954 p.
306 3883 359 3947 703
379 3882 440 3937 Car.
460 3883 579 3949 Franks,
598 3885 680 3938 Fasti
698 3884 1209 3958 Horatiani,Berolini1839‚p.l‚4;

60 3972 211 4037 Kirchner,
232 3974 413 4032 Quaestiones
430 3971 606 4035 horatianae,
627 3974 786 4043 Nnmburgi
805 3973 880 4036 1834,
894 3994 921 4047 p.
940 3981 975 4040 23
996 3978 1097 4043 Christ,
1113 3979 1210 4032 Fasto-

61 4079 131 4116 rum
149 4061 370 4116 horatianornm
388 4063 522 4131 epican'sis,
542 4062 694 4128 Monachii,
718 4064 793 4128 1877,
812 4082 838 4134 p.
858 4066 885 4128 4,
903 4068 935 4130 5;
955 4067 1045 4136 Apita.
1064 4067 1106 4122 Dc
1118 4078 1209 4122 aetate

57 4160 228 4220 poematum
248 4151 469 4204 horatianorana
487 4169 504 4203 a
522 4152 652 4206 Bentleio
672 4154 795 4217 inventa,
816 4153 937 4207 Berolini
960 4154 1044 4221 1853;
1067 4155 1148 4224 Leps,
1168 4156 1209 4208 Ist

62 4241 109 4293 die
127 4239 269 4308 Meinunq
287 4239 422 4303 Bentlei’s
439 4239 509 4292 iiber
526 4239 573 4292 die
592 4239 654 4290 Zeit
673 4240 704 4290 in
723 4240 774 4292 der
793 4240 838 4293 dia
857 4242 1003 4296 einzelnen
1021 4240 1135 4296 Biichcr
1157 4243 1209 4296 der

64 4329 145 4384 Oden
164 4330 284 4397 versasst
302 4328 417 4381 worden
434 4329 508 4392 sind,
529 4328 572 4383 dia
590 4327 733 4400 ricbtiqa?
751 4328 911 4401 (Neurupin
927 4331 1015 4402 1828).
