3000 5010
206 398 288 496 [15]
507 484 511 491 ,
1255 386 1347 486 (129)

204 532 297 598 unde
322 532 482 617 digressa,
500 525 746 614 exquirendum
764 531 814 593 est
837 547 927 592 nuuc
951 525 1031 590 mihi
1056 525 1142 591 sitne
1167 524 1340 611 probabile

203 660 334 703 annum
359 639 420 702 731
449 638 504 702 vel
527 636 603 715 732,
629 636 747 720 quibus
770 634 935 700 Christius
958 633 1053 699 odam
1072 631 1263 718 assignavit,
1287 651 1339 696 re·

203 766 290 811 vera
315 746 388 811 eius
411 744 557 809 natalem
581 743 693 808 luisse.

193 845 196 848 ’
296 852 444 918 Videtur
469 851 549 916 mihi
574 850 739 915 Christius
763 851 824 916 sibi
851 870 982 936 quoquo
1008 848 1104 915 modo
1133 846 1337 932 persuadere

201 960 363 1035 voluisse,
388 958 582 1024 Horatianis
619 957 770 1022 versibus
806 958 990 1022 necessario
1026 953 1173 1020 fluminis
1207 959 1339 1019 tantum

203 1065 446 1131 inundationes
470 1062 602 1148 respici,
628 1083 770 1147 quarum
807 1064 931 1129 mentio
967 1063 1205 1129 historicorum
1241 1059 1336 1124 libris

203 1173 389 1259 praecipue
413 1171 527 1236 Dionis
562 1170 785 1249 contineatur,
824 1171 967 1257 indeque
1002 1172 1164 1236 adductus
1199 1188 1280 1247 esse,
1305 1171 1342 1232 ut

201 1281 314 1346 eidem
340 1278 499 1364 temporis
524 1277 714 1355 intervallo,
733 1278 786 1343 cui
811 1279 939 1364 pridem
964 1280 1136 1344 Massonus
1153 1282 1186 1341 et
1208 1275 1340 1339 Kirch-

201 1408 319 1462 neruS,
345 1387 442 1451 odam
468 1383 683 1459 adscriberet,
709 1391 823 1450 cetera
841 1407 926 1470 quae
944 1386 1022 1451 huic
1047 1384 1195 1470 opinioni
1214 1383 1340 1447 adver-

202 1500 326 1560 santur
362 1493 569 1578 neglegeret.
605 1492 674 1557 Nec
710 1494 837 1578 primus
873 1495 961 1559 hanc
995 1492 1219 1559 ratiocinandi
1252 1493 1339 1556 viam

185 1602 380 1687 ‘ingressus
405 1605 464 1678 est,
490 1599 758 1684 quandoquidem
788 1600 925 1684 plurimi
951 1607 1028 1665 ante
1064 1599 1250 1665 Frankium
1275 1598 1340 1663 viri

204 1711 307 1789 docti,
333 1729 410 1773 cum
435 1713 639 1792 quaererent
655 1729 717 1772 cur
740 1708 859 1773 maiori
885 1730 983 1793 quam
1000 1715 1161 1782 consueta
1186 1707 1339 1772 ubertate

205 1822 355 1882 naturae
379 1816 543 1880 tumultus
572 1816 635 1880 hoc
659 1816 809 1881 carmine
845 1817 1077 1902 pingerentur,
1103 1815 1340 1880 historicorum

207 1924 323 2001 libros
347 1923 511 2008 imprimis
526 1922 650 2000 Dionis,
669 1923 703 1986 in
722 1923 773 1986 his
790 1922 890 1987 rebus
913 1923 1101 1987 referendis
1118 1923 1252 2008 singula
1268 1925 1339 1987 tere

215 2030 444 2107 consectantis,
482 2029 682 2094 evolverunt
709 2034 743 2093 et
770 2029 855 2094 miro
890 2029 999 2094 studio
1034 2029 1265 2113 inspexerunt,
1300 2034 1338 2092 ut

213 2138 425 2203 narrationes
448 2137 650 2221 reperirent,
675 2158 860 2222 quaecum
895 2137 1082 2202 Horatiana
1117 2136 1341 2221 descriptione

207 2245 349 2310 omnino
373 2249 610 2330 congruerent.
628 2246 743 2328 ltaque
761 2243 924 2310 Christius
941 2246 1049 2311 locum
1074 2245 1204 2311 Dionis:
1235 2245 1289 2329 «ἥ
1311 2265 1344 2308 τε

202 2351 291 2429 πύλις
318 2341 537 2438 πελαγύσαντος
560 2350 648 2427 abba
670 2361 723 2416 τοῦ
757 2361 893 2436 ποταμοῦ
925 2351 1082 2437 ἐπλεύσθη
1106 2355 1157 2416 καὶ
1189 2360 1343 2437 κεραυνοῖς

200 2457 286 2521 ἄλλοι
308 2481 341 2523 τε
364 2459 464 2523 πολλὰ
487 2456 608 2542 ἐβλήθη
631 2461 682 2522 καὶ
699 2459 726 2522 οἱ
748 2458 916 2544 ἀνδριάντες
931 2458 959 2523 οἱ
980 2458 1011 2521 ἐν
1029 2466 1070 2543 τῷ
1093 2459 1248 2544 Πανύεύῳ,
1264 2461 1343 2522 ὥστε

198 2567 254 2629 καὶ
279 2568 315 2629 τὸ
338 2566 410 2651 δύου
433 2567 470 2630 ἐκ
491 2573 543 2649 τῆς
565 2572 617 2627 τοῦ
650 2565 827 2652 Αὐγούστου
849 2568 950 2651 χειρὸς
983 2564 1134 2644 ἐκπεσεῖν,
1167 2565 1344 2654 πονούμενοι

196 2849 262 2903 nius
273 2846 434 2916 geschoben
443 2845 553 2918 (womit
564 2847 698 2914 iibrigeus
717 2845 767 2899 Dio
778 2846 840 2900 477
849 2864 883 2900 zu
893 2847 1085 2918 vergleichen)
1097 2847 1178 2901 sowie
1189 2848 1251 2902 dem
1264 2849 1347 2903 Anto·

195 2939 262 2992 nius
281 2937 326 2991 die
341 2935 550 3006 Berechtigung
570 2936 777 3006 abgesproehen
791 2936 850 2989 sich
869 2935 912 2990 als
926 2938 1058 2991 Caesaris
1078 2938 1152 2992 ultor
1171 2957 1204 2992 zu
1217 2939 1347 3010 gerieren

193 3030 275 3101 (Iove
296 3044 352 3080 non
371 3027 533 3096 probante);
553 3027 588 3079 da
607 3027 655 3079 das
675 3025 842 3080 thheramt
860 3028 930 3081 nach
957 3027 1151 3098 Zustimmung
1172 3029 1220 3082 der
1250 3029 1346 3083 Gotter

194 3121 262 3173 dem
281 3117 416 3172 Octavian
436 3118 604 3185 iibertragen
624 3115 673 3168 sei.
694 3135 710 3169 »
730 3115 759 3185 (l.
778 3116 795 3169 l.
818 3116 846 3168 Ρ.
864 3116 882 3170 l.
904 3135 928 3188 p.
961 3118 1012 3188 18).
1044 3117 1116 3172 Haec
1144 3119 1236 3172 omnia
1264 3119 1346 3189 plane

192 3209 313 3277 indigna
332 3223 393 3261 esse
414 3224 483 3277 quae
509 3206 680 3276 argumentis
700 3203 871 3271 refellantur,
891 3223 986 3260 omnes
1005 3209 1070 3274 fere,
1100 3208 1206 3278 opinor,
1235 3209 1344 3263 intelle-

192 3304 277 3369 gunt.
298 3297 415 3368 Eqidem
435 3312 508 3362 vero,
527 3313 591 3349 cum
610 3295 665 3349 ista
684 3295 813 3365 legissem
832 3296 923 3350 faeere
942 3313 997 3350 non
1026 3296 1103 3365 potui
1131 3297 1199 3368 quin
1218 3316 1282 3352 cum
1310 3299 1347 3352 iis

191 3402 389 3456 compararem
407 3402 477 3456 quae
497 3383 564 3438 olim
584 3385 687 3454 scripta
707 3385 868 3438 inveneram
888 3384 917 3437 in
936 3401 953 3437 «
973 3385 1116 3455 Sophoclis
1136 3385 1194 3440 vita
1213 3404 1230 3440 a
1248 3388 1284 3440 ab
1314 3388 1345 3440 A.

191 3475 335 3531 Schoellio
354 3474 497 3528 delineata.
510 3475 562 3528 Vir
575 3476 673 3528 doctus
692 3474 767 3528 enim
787 3474 884 3528 miram
903 3475 1051 3528 admodum
1071 3479 1155 3545 atque
1175 3475 1346 3544 singularem

191 3563 399 3635 interpretandi
419 3563 489 3616 viam
508 3563 655 3633 ingressus
674 3564 820 3617 affirmavit
846 3564 1009 3633 Sophoclem
1041 3581 1073 3618 eo
1104 3564 1222 3618 oonsilio
1252 3565 1346 3618 nobile

189 3657 275 3712 illud.
296 3673 313 3708 ‹<
332 3655 487 3724 Antigonae
506 3674 522 3708 >›
542 3653 680 3707 canticum
693 3682 712 3694 -
730 3657 798 3720 ἔρως
817 3657 926 3707 ἀνίκατε
946 3659 1035 3724 μάχαν
1055 3656 1089 3724 (v.
1103 3654 1230 3724 781-804)
1242 3683 1258 3694 -
1269 3659 1347 3709 coni·

189 3745 327 3817 posuisse
347 3750 377 3798 ut
396 3743 501 3798 civibus
520 3744 579 3797 suis
598 3744 757 3796 ostenderet
786 3744 889 3813 optimo
917 3743 977 3798 iure
1010 3744 1155 3815 Aspasiam
1184 3745 1347 3813 precibusa

189 3835 306 3890 Pericle
327 3834 459 3905 petivisse
479 3841 510 3888 ut
528 3833 634 3887 bellum
655 3833 754 3886 Samiis
774 3832 897 3899 interret,
917 3840 999 3906 atque
1019 3835 1052 3888 de
1072 3833 1210 3887 industria
1229 3851 1246 3885 α
1265 3834 1348 3888 Oedi-

188 3924 269 3998 poda
288 3940 383 3992 regem
402 3943 419 3979 ν
439 3923 583 3995 scripsisse
604 3929 634 3976 ut
652 3922 833 3977 consiliorum
853 3940 923 3994 quae
944 3922 1067 3977 Pericles
1079 3924 1112 3977 de
1131 3921 1278 3992 republica
1297 3923 1346 3977 ha-

188 4020 282 4082 beret,
303 4013 486 4083 patrocinium
504 4013 670 4082 susciperet,
694 4019 776 4083 atque
795 4013 952 4082 Aspasiam,
973 4012 1111 4075 Phidiam,
1142 4014 1346 4081 Anaxagoram,

189 4102 301 4160 Pericli
321 4104 487 4167 carissimos,
507 4110 603 4158 eontra
622 4105 820 4156 obtrectatores
840 4103 1008 4156 defenderet.
1030 4104 1109 4164 Quae
1140 4103 1253 4174 quidem
1265 4143 1347 4161 .....

188 4203 280 4268 atque
300 4194 353 4246 alia
372 4193 495 4247 eiusdem
516 4191 626 4261 generis
655 4191 869 4245 innumerabilia
897 4191 952 4246 sibi
982 4195 1091 4245 tantum
1111 4192 1204 4246 virum
1235 4192 1345 4246 doctum

192 4283 381 4360 persuasisse
400 4285 489 4353 cupio.
