3000 5010
164 376 255 463 (242)
579 428 584 437 .
1197 371 1297 462 [128]

252 505 303 570 Ac
327 508 467 589 primum
492 505 622 589 quidem
648 507 674 570 si
700 504 741 569 ad
772 504 909 569 brevem
942 520 1040 585 quem
1076 499 1134 564 tibi
1172 499 1298 566 subieci

164 616 374 696 conspectum
401 612 584 677 attenderis
614 611 790 677 admodum
826 609 997 695 singulare
1031 605 1092 672 tihi
1127 606 1297 672 videbitur

161 719 336 784 Horatium
362 740 429 784 non
453 722 598 784 omnium
617 738 843 787 ,numerorum
867 717 984 802 quibus
1009 717 1042 780 in
1069 715 1189 802 lyricis
1222 736 1296 781 usus

162 832 221 903 est,
245 829 413 911 specimen
438 826 626 911 legentibus
651 829 866 912 proposuisse,
892 825 1044 890 earmina
1069 842 1151 888 vero
1179 824 1296 909 hippo·

161 937 280 999 naeteo
304 938 404 1018 atque
440 935 548 998 ionico
584 939 690 997 metro
725 934 906 1017 composita
941 971 982 980 -
1019 952 1104 1016 quae
1130 931 1219 996 libro
1256 933 1291 996 ll.

161 1043 375 1106 continentur
397 1079 443 1091 —
465 1043 654 1110 exclusisse.
689 1043 774 1105 Huio
809 1061 889 1105 vero
925 1045 1124 1125 argumento
1154 1040 1291 1103 nimium

161 1148 311 1214 tribuere
334 1151 362 1214 si
386 1150 482 1226 nolis,
508 1149 740 1224 sartandum,
765 1153 871 1236 poeta,
897 1149 1071 1224 varietate,
1096 1167 1198 1231 quam
1234 1147 1290 1212 sibi

160 1277 203 1322 ex
227 1257 422 1342 Kiesslingii
446 1258 620 1333 sententia,
646 1261 872 1343 proposuerat,
897 1255 1063 1340 neglecta,
1100 1259 1168 1318 tam
1201 1254 1290 1320 brevi

159 1365 265 1448 spatio
290 1365 465 1429 interiecto
490 1365 555 1428 tria
579 1365 733 1447 deinceps
756 1364 907 1427 carmina
931 1363 1076 1426 intexuit
1093 1370 1201 1426 metro
1219 1382 1291 1447 sap-

158 1472 256 1558 phico
282 1471 402 1535 minori
427 1464 562 1536 condita
584 1470 700 1556 (carm.
726 1473 763 1548 ll,
789 1471 831 1547 X,
848 1470 950 1555 Xll)t
968 1469 1177 1553 Quamquam
1194 1470 1292 1534 Kies-

157 1579 298 1663 slingius
332 1578 444 1642 subtili
476 1578 682 1663 digressione
706 1578 882 1643 ostendere
907 1582 1047 1642 conatus
1071 1586 1132 1654 est,
1159 1578 1290 1643 etiamsi

158 1706 292 1751 carmen
318 1687 386 1751 Χιω
418 1686 555 1750 secundi
579 1686 736 1750 carminis
760 1687 900 1770 vestigia
936 1703 1089 1769 premere
1122 1683 1289 1761 videatur,

157 1797 329 1879 utriusque
348 1801 460 1858 'tamen
486 1795 519 1857 in
545 1795 658 1859 metris
682 1793 842 1877 quaedam
869 1792 1084 1874 deprehendi,
1105 1792 1228 1875 quibus
1244 1792 1291 1856 al-

156 1906 266 1966 terum
292 1901 333 1966 ah
356 1902 464 1966 altero
489 1902 607 1965 mirum
633 1907 794 1984 quantum
818 1901 1017 1985 discrepent.
1043 1896 1140 1974 Quod
1165 1898 1207 1963 ad
1232 1899 1289 1963 de-

157 2010 405 2075 monstrandum
430 2015 497 2073 tam
522 2008 710 2074 artificiosis
734 2029 813 2073 usus
836 2012 886 2073 est
909 2005 1093 2073 rationibus
1117 2012 1156 2073 ut
1177 2008 1291 2072 brevi-

156 2118 233 2182 tatis
258 2136 357 2180 oausa
381 2117 591 2200 (praesertim
616 2136 691 2179 oum
716 2116 823 2179 artius
847 2135 920 2179 eum
946 2116 1142 2199 quaestione
1173 2121 1289 2179 nostra

155 2244 220 2287 non
246 2222 463 2310 cohaereant)
486 2242 525 2286 ea
549 2242 809 2287 commemorare
833 2222 1075 2307 supersedeam.
1100 2221 1229 2286 Deinde
1254 2226 1289 2286 ut

155 2331 286 2395 silentio
311 2336 515 2417 praeteream
541 2334 574 2392 et
595 2329 794 2394 Leuconoen
819 2337 852 2394 et
875 2329 1042 2414 Pyrrham
1079 2335 1113 2392 et
1149 2327 1289 2414 Lydiam

154 2443 187 2504 et
211 2437 450 2503 Thaliarohum
474 2457 513 2501 aa
538 2439 670 2502 nomina
694 2457 764 2502 esse
789 2458 928 2521 quorum
953 2436 1128 2522 splendore
1153 2456 1205 2517 ,ae
1235 2436 1289 2501 di-

154 2547 281 2631 gnitate
305 2545 480 2610 Horatium
507 2544 678 2610 volumioa
701 2563 869 2608 exornare
893 2543 1038 2608 voluisse
1062 2563 1180 2628 parum
1200 2544 1289 2608 veri-

154 2653 262 2719 simile
286 2654 338 2730 sit,
363 2655 418 2736 qui
443 2653 575 2718 tandem
600 2652 674 2717 fieri
697 2655 803 2737 potuit
827 2657 864 2733 ut
888 2670 1024 2715 carinen
1051 2650 1092 2714 ad
1116 2652 1287 2738 Pyrrham

153 2759 235 2824 odae
270 2766 490 2844 praeponeret
524 2781 589 2844 qua
623 2759 806 2843 Vipsanius
841 2757 992 2842 Agrippa
1026 2757 1287 2823 celebraretur?

151 2866 348 2952 Kiesslingii
374 2869 475 2951 ipsius
500 2867 601 2932 verba
633 2866 816 2933 audiamus.
856 2866 970 2929 «Dass
1004 2865 1110 2930 dieses
1146 2865 1286 2931 Gedioht

152 2971 219 3060 (ad
253 2973 457 3061 Agrippam)
494 2980 561 3039 erst
596 2995 637 3038 an
671 2975 822 3040 seehster
858 2973 961 3037 Stella
995 2974 1083 3037 steht
1114 2973 1194 3038 dari
1225 2974 1285 3040 be-

154 3080 312 3159 lremden,
337 3082 396 3145 hat
430 3080 510 3146 aber
544 3081 735 3147 ersiohtlich
771 3084 884 3146 seinen
920 3086 1021 3166 guten
1059 3081 1187 3146 Grund.
1224 3083 1286 3147 Mil

153 3188 355 3252 Naohdruck
379 3191 477 3252 weist
512 3190 544 3252 in
581 3189 769 3253 demselhen
804 3191 912 3253 Horaz
949 3187 1071 3253 darauf
1101 3189 1171 3266 hin,
1211 3190 1285 3255 dass

152 3315 191 3359 er
215 3296 307 3359 seine
342 3295 565 3380 eigentliohen
594 3292 696 3360 Stoffe
723 3318 782 3361 aus
811 3296 884 3360 dem
913 3296 1052 3362 Gehiete
1084 3296 1140 3361 des
1174 3297 1283 3363 leich-

152 3409 246 3468 teren
270 3404 458 3468 erotischen
484 3404 549 3468 und
566 3401 812 3491 sympotisohen
829 3405 946 3469 Liedes
970 3404 1080 3470 finde:
1107 3406 1286 3472 nothwen-

150 3510 205 3596 dig
229 3517 351 3575 musste
376 3510 445 3575 also
470 3510 554 3575 doeh
579 3511 780 3577 mindestens
796 3514 871 3576 eine
888 3512 1057 3596 derartige
1074 3513 1284 3598 Kleinigkeit

149 3617 444 3702 voraufgegangen
472 3620 552 3695 sein,
577 3620 673 3684 sollte
697 3620 756 3684 der
780 3621 881 3684 Leser
899 3619 994 3684 nicht
1010 3622 1148 3687 stutzen.
1166 3621 1282 3687 Dieser

149 3725 346 3810 Erwttgung
370 3725 537 3790 verdankt
561 3723 712 3791 offenhar
736 3728 788 3792 die
811 3727 969 3792 zierliehe
992 3725 1100 3792 ftinlte
1125 3727 1196 3792 Ode
1224 3729 1286 3794 zrnf

148 3833 284 3917 Pyrrha
308 3834 403 3897 ihren
429 3832 625 3920 Platz.»(¹)
649 3832 743 3910 Quae
768 3835 900 3919 quidem
935 3842 1101 3920 tamquam
1138 3833 1217 3900 ficta
1249 3841 1283 3900 et

149 3940 296 4025 speciosa
319 3959 454 4025 prorsus
480 3942 648 4006 reicienda
665 3963 735 4008 esse
759 3945 831 4027 quis
855 3947 904 4008 est
928 3945 981 4028 qui
1006 3962 1074 4008 non
1099 3943 1238 4009 videat?

215 4276 252 4348 (1)
272 4276 302 4330 n.
323 4277 341 4330 1.
361 4293 387 4351 p,
406 4274 450 4329 54.
