3016 5010
10 515 25 557 Ξ
58 516 268 602 potissimum
294 535 434 580 munere
458 514 620 579 distentus
637 533 710 578 eam
727 514 881 579 emittere
896 514 1067 599 supersedi
1085 519 1193 598 atque,

58 629 99 687 ut
121 623 255 688 Horatii
278 621 390 687 verbis
406 627 501 699 utar,
527 646 545 681 ‹<
563 620 765 685 membranis
790 621 879 686 intus
903 621 1052 706 positis»
1078 621 1196 705 negle-

10 741 35 806 ”-“,
59 735 149 796 ctam
173 731 209 795 in
315 731 384 795 13¹m
408 750 533 794 annum
559 729 700 814 «pressi
718 752 747 792 ›>.
774 728 856 793 Oum
887 749 968 795 vero
999 729 1195 815 nuperrime

10 868 15 876 ·
60 839 371 905 animadvertissem
395 859 462 903 non
486 857 609 923 paucos
634 838 817 903 earundem
842 843 942 923 atque
965 838 1102 904 Christii
1137 859 1196 903 ra-

29 964 33 1021 ῑ
61 948 191 1013 tionum
217 947 366 1013 aemulos
389 947 566 1025 exstitisse,
592 945 649 1030 qui
672 947 727 1012 vel
751 947 886 1012 omnino
921 948 976 1012 vel
1011 948 1124 1032 aliqua
1152 967 1195 1012 ex

10 1056 26 1065 “
61 1061 159 1141 parte
183 1056 371 1121 doctissimo
395 1056 469 1122 viro
494 1055 706 1133 accesserint,
731 1042 1023 1141 operaepretium
1047 1076 1118 1122 esse
1143 1057 1196 1121 iu-

26 1188 29 1195 ·
62 1164 172 1230 dicavi
196 1164 453 1250 disputationem
477 1185 585 1228 meam
610 1164 720 1229 denuo
744 1164 910 1248 inspicere
934 1170 968 1230 et
994 1170 1193 1243 retractare,

61 1277 164 1357 atque
187 1271 341 1338 omnibus
363 1271 495 1357 scriptis
518 1272 573 1338 rel
597 1271 774 1357 opusculis,
798 1290 883 1357 quae
908 1272 986 1337 inde
1002 1271 1043 1337 ab
1060 1293 1089 1337 a.
1110 1273 1190 1338 1881

63 1381 229 1465 usquead
253 1402 282 1446 a.
311 1380 669 1447 remuneratorem
693 1380 863 1466 pertinere
886 1380 1095 1460 viderentur,
1126 1399 1194 1446 non
1219 1414 1221 1417 ·

61 1487 235 1572 neglectis,
260 1508 279 1552 e
302 1487 450 1553 tenebris
472 1487 506 1552 in
530 1488 639 1555 lucem
665 1507 738 1552 eam
762 1487 917 1573 proferre
941 1487 1107 1554 constitui.

150 1595 415 1682 Disputationem
439 1595 567 1661 duabus
591 1595 741 1681 partibus
777 1596 825 1661 ita
859 1595 979 1681 digessi
1015 1601 1052 1661 ut
1085 1596 1195 1682 prima

58 1709 158 1790 parte
183 1704 224 1769 de
248 1703 453 1769 carminibus
475 1704 673 1789 singillatim
697 1704 896 1770 dissererem
921 1724 1006 1789 quae
1031 1704 1195 1769 Christius

56 1813 187 1899 aliique
210 1812 370 1898 temporis
394 1812 574 1878 intervallo
598 1813 685 1898 quod
721 1835 846 1878 annum
880 1813 946 1877 730
980 1812 1194 1898 subsequitur

59 1921 341 2006 assignaverunt;
367 1922 474 1986 altera
497 1941 579 1987 vero
603 1922 643 1987 de
678 1927 788 1988 aetate
822 1942 924 1990 carm.
957 1922 981 1987 l.
1006 1922 1027 1986 3
1051 1941 1195 2007 quaere-

61 2047 139 2093 rem
163 2033 261 2114 atque
284 2035 436 2115 tempora
460 2029 635 2095 definirem
660 2030 778 2116 quibus
800 2035 870 2095 tres
905 2029 1035 2116 priores
1065 2030 1193 2096 carmi-

57 2155 144 2202 num
169 2137 271 2205 libros
295 2144 329 2204 et
351 2139 499 2224 priorem
523 2139 743 2225 epistularum
766 2143 933 2205 confectos
957 2144 990 2204 et
1005 2139 1129 2225 publici
1148 2140 1204 2204 iu?

56 2245 110 2310 ris
134 2247 239 2312 factos
261 2266 332 2312 esse
355 2247 636 2312 verisimillimum
660 2247 843 2313 videretur.
