3000 5010
183 439 273 528 (132)
1238 435 1342 524 [18]-

181 569 316 634 Christii
341 575 374 634 et
398 567 539 634 Weberi
564 568 750 632 sententiae
778 567 850 633 sine
873 566 973 632 dubio
1009 564 1095 629 illud
1135 561 1316 649 suffragari

181 677 311 763 opinor,
329 676 416 762 quod
432 677 555 741 mirum
570 682 731 761 quantum
746 677 787 742 ad
803 674 1058 742 commovendos
1072 673 1200 737 animos
1212 671 1313 750 valet,

181 785 208 849 si
225 805 340 879 rerum
365 790 584 850 externarum
603 785 767 849 tumultus
791 784 1028 868 depingantur,
1047 781 1101 865 qui
1119 780 1180 844 sub
1197 781 1316 865 legen-

180 891 263 957 tium
277 892 390 957 oculos
403 890 621 956 incurrerint.
635 890 747 956 Rebus
760 892 849 956 enim
863 911 943 977 quas
957 889 1016 974 ipsi
1031 887 1314 972 conspexerimus,

180 1000 342 1065 maiorem
356 998 455 1064 fidem
469 999 692 1084 adiungimus.
705 1001 890 1066 Praeterea
904 996 1316 1064 iisdescribendisfacilius

181 1108 268 1193 quod
292 1107 353 1172 sibi
380 1112 600 1193 proposuerat
631 1108 759 1192 assequi
797 1112 929 1192 poterat
951 1105 1111 1171 Horatius
1147 1125 1247 1188 quam
1287 1105 1314 1169 si

181 1215 335 1300 prodigia
359 1221 393 1281 et
416 1219 630 1300 tempestates
653 1215 719 1279 iam
743 1214 877 1299 longius
900 1213 1020 1278 remoti
1045 1212 1206 1297 temporis
1223 1232 1316 1277 eom-

181 1327 395 1388 memoraret.
413 1323 458 1387 At
480 1343 599 1386 rursus
616 1321 850 1406 opponendum
868 1325 917 1385 est
940 1319 1085 1385 Christio
1102 1324 1135 1384 et
1151 1318 1314 1396 Webero,

182 1433 312 1513 poetam
348 1429 476 1494 scilicet
510 1434 654 1493 naturae
689 1428 853 1492 tumultus
888 1426 1038 1491 indicare
1054 1426 1219 1504 maluisse,
1258 1426 1313 1511 qui

182 1535 299 1601 artiori
320 1536 452 1620 quidem
469 1536 575 1621 spatio
600 1535 844 1620 circumscripti
862 1535 937 1602 sint.
956 1535 1038 1598 Nam
1056 1533 1240 1599 artificiosa
1257 1534 1317 1598 illa

181 1643 361 1709 verborum
388 1643 619 1721 collocatione,
645 1664 742 1728 quam
769 1643 978 1728 grammatici
994 1641 1125 1729 χιασμὸν
1144 1641 1317 1727 appellant

185 1751 302 1839 (terris
319 1773 413 1817 arces
431 1751 547 1816 urbem
565 1752 693 1840 gentes)
707 1773 782 1817 cum
798 1757 940 1817 naturae
957 1755 1076 1817 eventa
1090 1749 1318 1835 designaverit

181 1882 266 1946 quae
291 1860 431 1924 diversis
466 1859 547 1924 locis
583 1860 674 1925 intra
709 1859 792 1925 fines
827 1861 968 1926 Romani
1006 1858 1137 1944 imperii
1174 1857 1316 1922 inclusis

181 1968 377 2046 acciderint,
391 1967 574 2032 verisimile
599 1969 698 2033 etiam
723 1967 760 2032 fit
777 1987 817 2032 ea
832 1987 899 2032 non
917 1967 1017 2031 simul
1033 1966 1090 2030 sed
1107 1965 1316 2049 temporibus

180 2076 260 2141 satis
284 2094 405 2159 magno
429 2075 609 2140 intervallo
635 2075 806 2141 disiunctis
838 2075 1007 2140 accidisse.
1033 2074 1127 2150 Quae
1164 2093 1241 2137 cum
1268 2074 1316 2138 ita

182 2183 260 2261 sint,
276 2182 411 2247 videtur
428 2182 508 2247 mihi
527 2204 546 2246 a
562 2183 705 2248 veritate
722 2185 862 2248 multum
879 2204 945 2248 non
964 2183 1077 2248 abesse
1095 2183 1149 2268 qui
1168 2187 1314 2261 censeat,

180 2290 357 2356 Horatium
383 2289 543 2371 eiusmodi
568 2295 791 2376 tempestates,
809 2295 974 2375 portenta,
991 2291 1173 2368 eluviones,
1191 2290 1315 2356 similia

181 2399 381 2484 respexisse,
400 2417 484 2483 quae
500 2398 631 2484 saepius
647 2399 837 2484 iterumque
854 2399 1016 2479 visasint,
1036 2418 1179 2484 qnorum
1197 2402 1314 2463 tamen

179 2511 310 2591 tempus
337 2525 402 2590 quo
426 2505 611 2570 acciderint
645 2505 781 2592 propius
804 2505 946 2571 definire
971 2505 1066 2570 nobis
1098 2525 1164 2577 raon
1200 2505 1313 2570 liceat.

180 2613 290 2698 Atque
306 2613 498 2699 saepissime
516 2613 663 2679 Tiberim
685 2634 783 2699 agros
800 2614 979 2679 inundasse
996 2633 1014 2678 e
1031 2612 1112 2678 locis
1126 2632 1144 2677 e
1160 2610 1312 2677 Frankio

180 2721 360 2806 diligenter
384 2721 533 2786 collectis
557 2721 667 2786 statim
685 2722 905 2807 intellegitur.
922 2721 1082 2806 Prodigia
1107 2719 1222 2805 igitur,
1237 2740 1313 2784 mea

180 2827 311 2912 quidem
328 2828 494 2913 opinione,
508 2829 591 2893 tanti
611 2829 795 2894 existimari
814 2834 995 2914 nequeunt,
1014 2834 1050 2892 nt
1074 2827 1312 2913 gravissimum

180 2935 214 2999 in
250 2935 439 2999 definienda
474 2936 610 3021 eclogae
651 2941 760 3002 aetate
795 2937 994 3004 habeantur.
1031 2935 1155 3011 Quodsi
1193 2955 1312 3000 veram

181 3062 315 3107 causam
339 3061 522 3127 agnoscere
559 3043 673 3127 cupias
698 3064 759 3108 cur
794 3047 924 3107 tantum
960 3042 999 3106 iis
1037 3043 1221 3107 tribuerint
1245 3043 1312 3108 viri

179 3150 264 3215 docti
290 3149 367 3215 inde
391 3150 533 3228 demum,
559 3151 684 3215 utiam
711 3151 834 3228 monui,
862 3151 1055 3235 quaerenda
1079 3155 1138 3227 est,
1164 3150 1252 3234 quod
1278 3151 1312 3215 in

181 3278 313 3343 magna,
340 3277 438 3341 quam
464 3262 561 3342 poeta
581 3257 616 3322 in
641 3258 850 3343 depingenda
875 3263 1029 3344 portenta
1054 3258 1239 3342 insumpsit,
1259 3259 1313 3323 de·

180 3363 369 3449 scriptionis
394 3365 548 3430 ubertate
572 3363 794 3432 offenderunt.
820 3367 934 3451 ltaque
959 3385 999 3430 ea
1023 3365 1094 3429 sola
1129 3364 1168 3428 de
1208 3384 1312 3429 causa

180 3470 445 3556 Peerlkampius
472 3471 710 3536 audacissimus
734 3472 792 3536 ille
817 3473 850 3537 in
876 3479 948 3537 arte
973 3472 1090 3536 critica
1119 3472 1312 3536 exercenda

116 3662 119 3668 .
180 3579 319 3657 arbiter,
338 3600 453 3644 versus
470 3579 553 3643 5-12
570 3584 603 3644 et
624 3581 724 3646 17-24
742 3581 941 3646 omittendos
959 3579 1062 3644 iussit.
1082 3578 1156 3654 Qud
1174 3578 1310 3663 quidem

180 3685 242 3750 sibi
267 3693 396 3753 tantum
423 3708 498 3752 eum
524 3688 726 3773 persuasisse
750 3689 856 3774 cupio.

269 3795 333 3861 Sed
348 3797 435 3861 hanc
449 3795 677 3880 quaestionem
692 3802 727 3861 ut
740 3798 879 3874 mittam,
893 3799 982 3879 satiS,
997 3798 1126 3882 opinor,
1140 3815 1311 3879 superque

180 3909 320 3988 apparet
345 3903 449 3987 magis
473 3924 571 3988 quam
604 3904 643 3968 ad
681 3911 846 3990 portenta,
871 3906 912 3970 ad
949 3905 1107 3970 carminis
1142 3923 1308 3967 summum

179 4009 354 4074 consilium
373 4010 609 4075 attendendum
628 4033 707 4076 esse.
725 4014 848 4078 Poetae
865 4014 953 4077 enim
970 4013 1145 4078 consilium
1163 4012 1188 4104 si
1215 4017 1309 4075 recte

179 4117 402 4203 perspexeris
426 4118 558 4183 facilius
575 4119 674 4185 eliam
701 4121 946 4188 animadvertes
963 4141 1048 4206 quae
1072 4120 1176 4185 fuerit
1191 4120 1310 4203 reipu-

180 4225 286 4290 blicae
303 4222 454 4290 condicio
471 4246 491 4290 a
507 4232 603 4310 poeta
629 4227 826 4293 adumbrata
853 4230 972 4314 cuique
1000 4228 1203 4317 potissimum
1221 4231 1311 4291 tem-

181 4334 253 4422 pori
278 4334 488 4402 vindicanda.
514 4372 557 4384 —
581 4336 609 4399 A
634 4337 797 4422 portentis
824 4339 928 4424 igitur
952 4359 1090 4408 exorsus
1122 4335 1308 4426 legentium
