3000 5010
180 413 271 514 (130)
1235 416 1312 508 [16]

182 554 233 616 οὖν
258 549 318 615 ὑπὸ
342 573 375 615 τε
396 559 449 634 τῆς
471 549 561 615 νόσου
585 552 635 614 καὶ
656 542 715 614 ὑπὸ
738 558 790 614 τοῦ
813 549 964 638 λιμοῦ...
988 547 1161 636 νομίσαντες
1177 547 1205 610 οἱ
1229 547 1312 611 Ῥω-

180 669 260 747 μαῖοι
282 661 338 722 οὐκ
360 659 460 735 ἄλλως
482 658 563 747 σφίσι
584 667 677 721 ταῦτα
701 656 932 743 συμβεβηκέναι,
957 654 1026 718 ἀλλ’
1039 657 1082 717 ὅτι
1107 657 1147 738 μὴ
1170 656 1221 716 καὶ
1245 653 1314 729 τότε

179 766 364 832 ὑπατεύοντα
378 771 429 832 τὸν
447 766 622 853 Αὔγουστον
646 769 747 852 ἔσχον,
771 765 937 849 δικτάτωρα
958 766 1048 827 αὐτὸν
1065 762 1223 846 ἠθέλησαν
1238 784 1314 847 προ-

180 874 373 960 χειρίσασθαι
387 926 393 939 .
409 926 415 938 .
432 925 439 939 .
458 901 475 936 ν
503 877 541 960 (¹)
560 897 634 940 cum
653 875 846 940 Horatianis
862 872 1013 937 versibus
1030 871 1224 954 conspirare
1242 871 1315 934 vult

180 982 391 1067 miraturque
416 990 488 1068 post
511 984 700 1048 Massonum
725 982 891 1047 exstitisse
921 980 975 1065 qui
1001 1005 1019 1039 a
1038 980 1086 1042 rei
1125 983 1313 1062 patefactae

180 1091 336 1156 nebulam
373 1088 585 1156 offunderent
603 1112 637 1153 ν.
671 1126 716 1136 -
748 1088 908 1172 Equidem
945 1091 1071 1151 tantam
1107 1092 1143 1150 ut
1178 1085 1313 1150 credam

181 1200 393 1264 intercedere
410 1198 661 1262 similitudinem
681 1201 769 1262 inter
785 1196 914 1262 Horatii
934 1200 966 1260 et
982 1195 1096 1259 Dionis
1115 1194 1235 1270 locum,
1253 1194 1313 1257 vix

182 1307 302 1373 adduci
339 1327 479 1392 possum,
504 1306 591 1391 apud
623 1305 767 1370 alterum
802 1304 890 1370 enim
916 1305 956 1368 de
991 1303 1087 1368 lamis
1122 1301 1316 1366 calamitate

182 1420 343 1480 narratur
360 1414 547 1503 (πονούμενοι
569 1415 620 1479 οὖν
644 1412 703 1478 ὑπὸ
720 1435 754 1478 τε
775 1420 845 1496 τῆςν
866 1411 956 1476 νόσου
973 1413 1024 1475 καὶ
1045 1411 1104 1474 ὑπὸ
1126 1419 1177 1474 τοῦ
1200 1408 1314 1498 λιμοῦ),

184 1527 300 1606 poetae
325 1503 450 1586 contra'
466 1522 580 1600 verba,
606 1522 631 1584 si
658 1521 730 1585 eius
766 1519 1001 1605 cogitationem
1039 1519 1166 1602 assequi
1194 1517 1317 1582 volun-

184 1635 352 1715 tatemque
369 1636 461 1695 recte
480 1631 697 1715 interpretari
714 1629 808 1707 velis
826 1628 892 1692 huc
909 1627 1088 1712 praecipue
1105 1627 1258 1702 redeunt,
1278 1636 1317 1692 ut

182 1736 376 1822 republicae
409 1737 636 1802 imminentem
672 1737 805 1802 ruinam
842 1733 1042 1820 significent,
1067 1735 1152 1799 sicut
1188 1735 1317 1799 clarius

183 1844 428 1930 intellegiture
452 1844 559 1908 tribus
584 1845 789 1929 praegressis
806 1841 967 1919 versibus,
993 1841 1060 1920 ubi,
1086 1842 1229 1906 Parthos
1253 1842 1317 1906 Ro-

183 1951 289 2015 manis
313 1949 439 2014 civibus
463 1950 612 2035 graviter
636 1969 814 2034 opponens
847 1948 962 2013 civiles
998 1948 1217 2012 dissensiones
1253 1967 1316 2012 re-

182 2054 311 2141 probat.
329 2057 430 2120 lmmo
455 2054 536 2121 duos
553 2056 642 2120 locos
665 2056 809 2120 immane
834 2060 992 2139 quantum
1018 2054 1208 2139 discrepare
1232 2074 1318 2120 con-

182 2163 358 2229 tenderim.
1371 2240 1373 2244 Α

250 2269 318 2334 lam
341 2290 423 2335 vero
447 2291 487 2335 eo
512 2271 649 2355 perveni
677 2277 712 2334 ut
737 2291 859 2355 operae
884 2271 1029 2356 pretium
1065 2271 1116 2349 sit,
1143 2270 1221 2355 quid
1247 2269 1314 2334 viri

183 2377 269 2442 docti
296 2377 335 2441 de
359 2377 519 2463 prodigiis
544 2377 710 2442 Carmine.
735 2378 771 2442 2⁰
796 2378 987 2443 memoratis
1014 2379 1190 2455 senserint,
1216 2378 1315 2442 inve-

182 2485 318 2571 stigare,
333 2491 432 2570 atque
446 2486 582 2571 propius
595 2486 788 2571 exquirere,
801 2486 887 2551 sitne
900 2487 940 2552 iis
953 2492 1083 2552 tantum
1096 2486 1313 2552 tribuendum

183 2595 220 2654 ut
259 2592 474 2677 praecipuum
513 2593 673 2677 temporis
717 2593 875 2658 indicium
916 2593 1114 2659 habeantur.
1155 2592 1313 2658 Affirmat

183 2700 352 2765 Frankius
391 2700 478 2784 quod
516 2702 556 2766 ab
597 2701 836 2786 interpretibus
876 2703 1110 2787 gravissimum
1149 2703 1314 2788 temporis

184 2807 343 2872 indicium
368 2807 537 2872 iudicatur
560 2808 621 2871 sibi
647 2799 824 2892 pessimum
842 2830 922 2888 esse,
947 2814 1155 2894 conaturque
1173 2810 1313 2875 demon-

183 2920 293 2978 strare
317 2920 441 2998 quanto
479 2935 597 2980 errore
622 2905 712 3000 capti·
745 2916 869 2994 sintii,
894 2916 948 2981 cui
976 2916 1177 2981 «insolitam
1213 2918 1314 2982 huius

183 3021 316 3087 illiusve
341 3023 421 3087 anni
445 3028 686 3108 tempestatem,
712 3023 819 3108 qualis
836 3022 876 3087 ab
901 3023 1068 3089 historicis
1085 3025 1254 3110 pingatur,
1272 3027 1314 3091 ad

183 3129 338 3194 amussim
376 3131 590 3215 descriptioni
627 3131 825 3196 horatianae
857 3132 1095 3216 respondere»
1121 3131 1160 3219 (ἢ)
1196 3133 1311 3199 velint.

185 3235 448 3303 Scholiastarum
473 3257 554 3302 vero
578 3237 778 3303 auctoritate
803 3243 837 3303 et
852 3238 1000 3324 Vergilii
1024 3239 1175 3304 versibus
1199 3240 1311 3319 nixus

185 3363 266 3428 quos
290 3349 387 3428 poeta
410 3350 460 3409 est
483 3345 641 3422 imitatus,
667 3371 684 3406 α
699 3347 905 3411 Horatium»
931 3351 1034 3433 negat
1052 3352 1312 3431 «tempestatem

185 3449 330 3533 aliquam
355 3457 388 3516 et
412 3451 541 3516 Tiberis
565 3452 818 3518 inundationem
842 3453 1039 3538 respexisse,
1058 3474 1142 3537 quae
1159 3474 1199 3520 eo
1222 3458 1312 3519 tem-

186 3577 277 3641 pore,
294 3579 358 3642 quo
383 3580 519 3625 carmen
544 3561 714 3645 scriptum,
732 3561 884 3626 accidit»
909 3561 966 3626 sed
983 3582 1023 3626 ea
1047 3559 1190 3626 affirmat
1206 3582 1314 3647 respe-

185 3663 274 3728 xisse
298 3671 462 3750 portenta,
488 3687 573 3751 quae
609 3668 683 3731 lulii
710 3667 861 3733 Caesaris
896 3675 1038 3733 mortem
1074 3675 1188 3733 secuta
1223 3674 1311 3732 sunt.

184 3771 347 3837 Christius
381 3779 500 3840 contra
536 3795 683 3839 «veram
721 3776 906 3860 praesentis
937 3777 1096 3861 temporis
1131 3776 1310 3862 imaginem

185 3899 377 3965 expressam
391 3906 410 3941 s
434 3883 600 3967 opinatur.
619 3883 654 3948 ld
672 3883 737 3948 iam
755 3888 925 3948 antaeum
942 3883 1111 3949 Weberus
1132 3884 1311 3949 defendere

250 4215 295 4290 (l)
314 4217 364 4271 Dio
383 4217 427 4282 54,
450 4219 472 4273 l.
495 4223 505 4276 l
527 4238 566 4291 sq.

248 4306 293 4382 (2)
310 4308 339 4362 L.
359 4308 376 4363 l.
394 4327 421 4382 p.
443 4310 499 4364 141.
