3000 5010
186 428 277 519 (134)
1241 436 1315 526 [20]

185 558 300 642 Neque
317 558 349 622 id
365 562 514 644 prolecto
531 561 732 644 quotidianis
748 567 879 628 tantum
896 564 1071 649 religionis
1095 563 1316 629 sollemnibus

186 664 390 749 deorumque
424 667 528 731 sacris
563 667 724 752 perficiet,
749 671 806 735 sed
841 672 928 735 alter
957 672 1049 756 quasi
1086 671 1319 736 Mercuriuse

185 773 278 837 caelo
294 772 329 837 in
352 778 479 838 terram
497 773 681 858 degressus,
700 777 766 863 qui,
783 779 895 862 gladio
911 779 946 842 in
963 780 1116 863 vaginam
1141 779 1315 844 recondito

184 887 217 948 et
241 880 463 967 pacificatoris
480 903 623 968 persona
647 884 773 965 induta,
791 887 920 971 patriae
934 888 1076 952 salutem
1093 887 1314 971 expediturus

184 990 235 1054 sit.
259 990 354 1054 Hanc
376 988 465 1053 enim
489 989 593 1054 solam
621 991 759 1056 sceleris
795 992 1020 1078 expiationem
1057 993 1312 1078 intelligendam

185 1118 266 1176 esse,
290 1097 368 1164 inde
393 1099 586 1184 agnoscitur
610 1100 695 1184 quod
720 1100 924 1178 Octavianus
947 1121 1014 1165 non
1040 1101 1189 1185 Apollini
1226 1102 1310 1166 idem

184 1213 217 1273 et
240 1228 301 1292 par
325 1206 496 1272 inducitur
524 1207 581 1272 sed
615 1209 796 1288 Mercurio,
832 1210 952 1295 quippe
988 1210 1041 1274 cui
1067 1214 1100 1274 et
1135 1210 1258 1275 Graeci
1283 1215 1315 1274 et

183 1314 326 1381 Romani
351 1320 478 1399 poetae,
503 1322 639 1400 praeter
662 1322 776 1382 cetera
794 1318 878 1381 alius
902 1318 1046 1403 generis,
1065 1339 1186 1381 munus
1212 1318 1310 1382 etiam

184 1424 378 1510 interpretis
402 1425 573 1490 hominum
598 1430 631 1490 et
654 1424 792 1490 deorum
818 1427 1021 1503 detulerunt,
1047 1425 1194 1491 auctoris
1232 1427 1314 1492 bene

184 1532 383 1599 constitutae
401 1533 554 1612 civitatis
572 1532 611 1598 ab
629 1534 731 1598 armis
752 1539 785 1598 et
808 1533 957 1599 cladibus
981 1534 1212 1613 abhorrentia,
1226 1540 1314 1600 artes

184 1645 217 1705 et
233 1639 423 1725 disciplinas
436 1640 633 1718 adiuvantia
648 1662 789 1725 quarum
803 1662 863 1726 ope
877 1661 986 1706 mores
1000 1642 1171 1707 hominum
1196 1662 1314 1706 emen-

183 1748 355 1825 darentur,
374 1747 476 1812 animi
492 1750 741 1814 excolerentur.
760 1749 958 1814 Celebratur
983 1749 1087 1835 igitur
1111 1748 1314 1814 Octavianus

184 1882 202 1918 a
221 1857 371 1922 Caesaris
387 1858 478 1924 ultor
494 1879 511 1921 a
530 1858 587 1922 sed
612 1856 768 1923 nobiliori
787 1858 846 1922 illa
862 1857 1042 1922 ulciscendi
1057 1856 1313 1942 significatione,

184 1970 220 2029 ut
236 1985 316 2050 pace
334 1965 488 2031 restituta
504 1966 608 2051 patris
625 1965 787 2031 memoria
803 1965 855 2050 pie
879 1970 1063 2029 renovetur
1079 1964 1192 2048 itaque
1210 1963 1314 2028 bene·

184 2070 260 2136 licia
283 2092 303 2136 a
326 2077 421 2156 patre
445 2072 480 2136 in
505 2073 612 2157 ipsum
636 2073 770 2137 conlata
805 2069 993 2136 huiusmodi
1030 2070 1192 2136 beneficio
1227 2091 1314 2157 pen-

182 2184 308 2243 sentur.
334 2177 458 2254 Quodsi
484 2179 556 2264 quis
580 2201 622 2243 an
647 2180 694 2243 ita
717 2180 863 2264 expiatio
889 2179 1142 2263 interpretanda
1165 2178 1208 2244 sit
1231 2179 1313 2244 sub·-

183 2282 320 2361 dubitet,
347 2284 388 2348 ad
413 2305 594 2369 veramque
612 2285 774 2349 ultionem
798 2284 1011 2349 referendam
1028 2288 1172 2362 censeat,
1198 2285 1312 2350 nescio

183 2413 225 2456 an
250 2411 386 2476 prorsus
411 2390 573 2456 dubitatio
598 2392 628 2456 ei
667 2391 866 2476 expellenda
888 2391 940 2469 sit,
965 2413 1040 2456 cum
1065 2392 1313 2457 animadvertat

183 2499 426 2565 inconstantiae
450 2499 600 2566 criminis
623 2499 832 2585 arguendum
858 2520 928 2564 esse
964 2499 1150 2576 Horatium,
1187 2500 1213 2564 si
1248 2492 1313 2565 alio

182 2628 313 2694 quoquo
331 2607 426 2674 modo
443 2610 546 2674 verba
562 2609 718 2694 explicet.
734 2608 787 2673 An
805 2607 988 2672 verisimile
1005 2614 1054 2672 est
1069 2612 1138 2672 tam
1163 2607 1312 2694 ineptum

181 2738 257 2783 eum
280 2717 391 2795 fuisse,
416 2722 453 2782 ut
477 2718 619 2803 primum
646 2719 759 2783 Jovem
785 2718 971 2795 induceret,
996 2716 1176 2782 ulciscendi
1202 2716 1312 2781 studia

181 2832 214 2892 et
236 2826 326 2891 bella
349 2825 462 2891 civilia
483 2827 548 2890 iam
573 2827 627 2891 diu
660 2826 908 2912 reprobantem,
946 2825 1065 2891 deinde
1088 2845 1169 2890 vero
1206 2824 1312 2890 Octa-

181 2933 317 2999 vianum
341 2933 582 2999 exhortaretur
606 2933 646 2998 ad
671 2953 766 2998 arma
790 2938 908 2998 contra
932 2932 1160 2997 adversariam
1186 2932 1309 2998 civium

183 3040 362 3108 factionem
385 3039 556 3117 sumenda,
581 3040 676 3104 cuius
700 3040 769 3125 ipse
794 3041 959 3125 particeps
983 3041 1086 3105 suerit
1110 3039 1227 3125 poeta?

271 3148 435 3213 Carminis
460 3147 598 3213 consilio
623 3147 669 3211 ita
695 3148 870 3232 explorato
888 3153 921 3212 et
945 3168 1118 3232 perpense,
1137 3168 1210 3213 meo
1236 3148 1309 3211 iure

182 3258 336 3343 colligam
361 3260 491 3342 poetam
516 3257 599 3320 haec
623 3255 771 3321 scribere
795 3277 861 3322 non
888 3257 1031 3342 potuisse
1055 3257 1118 3320 nisi
1145 3256 1309 3321 Antonius

182 3370 216 3430 et
231 3346 408 3450 Cleopatra
431 3364 497 3429 iam
514 3363 660 3429 defuncti
679 3369 799 3443 essent,
815 3365 879 3429 nisi
906 3365 1090 3432 Octaviano
1109 3385 1127 3428 a
1151 3364 1309 3449 periculis

182 3479 253 3539 tuto
276 3473 460 3539 servandae
485 3472 620 3538 omnino
637 3472 843 3558 reipublicae
868 3475 1008 3539 facultas
1026 3473 1103 3538 data
1120 3478 1213 3537 essct.
1241 3475 1308 3537 lam

181 3580 264 3645 illud
300 3600 429 3666 quoque
454 3600 472 3644 e
496 3580 655 3645 carminis
691 3580 803 3646 indole
839 3581 992 3658 efficitur,
1027 3581 1203 3645 Horatium
1240 3586 1307 3645 tam

181 3687 326 3772 impense
351 3707 433 3771 erga
456 3685 624 3751 civitatem
642 3687 805 3752 auxilium
825 3688 1079 3772 imploraturum
1101 3706 1166 3750 non
1194 3687 1306 3764 fuisse,

180 3795 206 3858 si
232 3793 435 3858 Octavianus
458 3814 578 3857 munus
606 3794 688 3860 illud
712 3792 872 3859 Mercurii
897 3795 949 3859 vel
985 3794 1207 3879 pacificatoris
1243 3795 1306 3858 iam

180 3900 315 3964 iniisset.
341 3900 561 3965 Octavianum
586 3906 696 3965 autem
730 3901 793 3965 iam
819 3901 895 3967 inde
923 3902 963 3967 ab
987 3902 1083 3966 annis
1099 3902 1165 3965 725
1181 3906 1214 3965 et
1242 3902 1307 3966 726

107 3990 108 3993 Ἴ
180 4007 1304 4095 operamdedisse,utmelioribusinstitutisetlegibusrempublicam

180 4117 394 4198 temperaret,
415 4115 613 4179 documento
630 4120 707 4179 sunt
723 4137 807 4201 quae
829 4142 846 4177 ‹<
860 4119 1075 4182 Monumento
1091 4117 1306 4201 Ancyranoi»

180 4222 405 4300 continentur,
430 4222 525 4287 cuius
549 4223 739 4288 auctoritati
777 4225 921 4291 libenter
952 4225 1048 4290 fidem
1074 4225 1218 4290 habebis.
1244 4224 1306 4290 Ubi

180 4328 268 4396 enim
299 4328 463 4397 derebus
498 4350 586 4397 auno
610 4330 676 4395 7⁴25
711 4332 812 4423 gestis
846 4333 950 4402 verba
985 4333 1078 4411 fiunt,
1115 4332 1307 4404 celebratur
