3000 5010
342 456 433 545 (136)
1397 458 1465 550 [22]

340 584 469 650 edenda
494 591 558 650 tam
585 586 708 671 insigni
740 587 824 664 loco,
849 587 919 651 sive
944 593 980 650 ut
1015 585 1154 650 Pindari
1180 586 1291 650 verbis
1329 591 1420 666 utar,
1441 589 1466 652 ἐν

339 693 489 780 προσώπῳ
519 697 666 780 miringat
687 699 780 759 vetus
812 695 945 780 aliquod
969 701 1068 779 atque
1101 695 1224 758 dudum
1261 695 1466 781 divulgatum

341 821 488 878 carmen,
513 821 580 866 non
616 786 747 866 novum*
777 801 1010 886 praesentique
1037 821 1151 866 rerum
1184 804 1284 866 statui
1316 803 1467 869 adcomo-

341 908 452 972 datum
478 909 668 993 posuisset»
689 906 737 993 (¹).
759 907 853 983 Quae
877 909 1008 993 quidem
1027 910 1199 993 paululum
1216 907 1299 974 mihi
1315 911 1467 993 ponderis

340 1016 465 1082 habere
487 1017 654 1082 videntur.
680 1017 762 1081 Nam
782 1023 817 1082 ut
834 1017 972 1094 mittam,
997 1018 1127 1103 libellos
1150 1038 1187 1082 re
1208 1038 1290 1083 vera
1314 1039 1383 1085 non
1408 1020 1466 1086 Au-

340 1130 436 1210 gusto
449 1123 504 1189 sed
517 1125 702 1190 Maecenati
720 1124 844 1190 dicatos
857 1145 928 1191 esse
941 1130 1040 1209 atque
1057 1145 1173 1210 parum
1191 1125 1286 1190 nobis
1302 1137 1464 1207 constare,

341 1232 583 1317 disposueritne
606 1239 704 1318 poeta
739 1233 890 1297 carmina
913 1253 964 1309 ea,
989 1254 1054 1318 qua
1088 1232 1187 1298 hodie
1223 1233 1356 1318 digesta
1393 1241 1465 1300 suut

338 1340 480 1418 ratione,
507 1340 539 1405 id
564 1341 672 1426 potius
696 1345 947 1406 commoneatur
971 1339 1144 1417 Christus,
1169 1361 1384 1425 nequaquam
1409 1343 1465 1408 He

339 1447 461 1513 ratium
502 1449 726 1527 reverentiae,
765 1469 830 1532 qua
866 1447 1069 1513 Octavianus
1107 1448 1137 1513 ei
1173 1449 1336 1513 colendus
1373 1455 1463 1529 esset,

338 1555 519 1620 obliturum
543 1552 655 1632 fuisse,
678 1556 704 1619 si
732 1555 765 1619 in
791 1554 980 1619 emittendis
1005 1554 1126 1618 libellis
1151 1554 1273 1640 insigni
1299 1555 1376 1620 loco
1402 1577 1464 1622 non

337 1683 472 1728 carmen
498 1683 605 1747 nuper
629 1663 754 1728 editum
779 1663 835 1728 scd
859 1662 982 1727 dudum
1007 1662 1215 1746 divulgatum
1239 1663 1418 1747 posuisset,
1435 1668 1463 1730 at

337 1770 489 1836 omnibus
513 1775 625 1835 tamen
643 1791 846 1855 magnopere
870 1775 1052 1855 acceptum,
1070 1769 1189 1854 quippe
1206 1790 1271 1854 quo
1289 1770 1463 1838 Caesarem

337 1879 369 1943 in
403 1879 519 1944 eodem
555 1900 629 1944 cum
664 1878 835 1944 Mercurio
870 1898 996 1964 genere
1031 1898 1070 1943 ac
1106 1898 1248 1943 numero
1284 1879 1462 1956 habuisset,

337 1987 481 2075 egregiis
507 1987 609 2073 patris
626 1991 659 2050 et
683 1985 841 2072 principis
866 1984 1054 2050 nominibus
1078 1982 1274 2053 ornavisset.
1293 1985 1361 2050 Sed
1386 1987 1462 2054 haec

337 2098 508 2162 hactenus,

425 2205 493 2267 Iam
510 2223 591 2267 vero
609 2202 800 2286 priusquam
819 2201 1002 2285 quaemihi
1019 2202 1225 2286 detempore
1243 2223 1308 2285 quo
1327 2224 1461 2271 carmen

335 2316 446 2376 ortum
481 2310 645 2388 videatur,
681 2330 856 2396 exponam,
892 2330 998 2395 pauca
1034 2311 1074 2377 de
1098 2312 1138 2375 iis
1173 2314 1344 2396 proferam
1381 2333 1461 2398 quae

334 2418 503 2483 Frankius
527 2438 615 2483 anno
631 2417 697 2482 732
721 2417 892 2483 adversari
909 2415 1033 2483 statuit.
1055 2440 1073 2482 «
1090 2418 1205 2494 Quis»
1225 2419 1346 2504 inquit,
1366 2441 1460 2488 «non

334 2526 488 2603 miretur,
514 2531 550 2590 ut
573 2547 676 2591 unum
701 2525 848 2605 afferam,
874 2528 1016 2612 Augusti
1041 2525 1262 2613 expeditionis
1288 2527 1323 2592 in
1348 2529 1458 2616 Hispa·

333 2634 423 2700 niam
437 2656 465 2700 a.
480 2635 601 2701 728-30
614 2641 785 2721 susceptae
798 2638 925 2701 nullam
940 2635 1142 2700 mentionem
1156 2635 1278 2701 factam
1292 2637 1389 2704 esse?
1403 2636 1457 2726 »(²)

334 2743 430 2819 Quod
447 2749 682 2829 argumentum
699 2744 724 2808 si
751 2746 868 2830 parum
886 2749 996 2808 tecum
1021 2742 1297 2826 consideraveris,
1324 2764 1456 2828 prorsus

333 2852 516 2915 exile'esse
541 2851 695 2918 elucebit.
721 2853 747 2916 Ε
775 2852 846 2916 solo
870 2852 959 2916 enim
994 2856 1111 2935 poetae
1146 2849 1280 2915 silentio
1315 2851 1455 2917 ducitur.

334 2957 440 3033 Quam
458 2958 697 3041 circumspecte
711 2978 793 3022 vero
806 2958 869 3022 ista
886 2956 1047 3041 probandi
1066 2958 1197 3024 ratione
1213 2958 1454 3043 procedendum

332 3067 427 3132 nobis
437 3067 489 3146 sit,
506 3067 674 3132 neminem
691 3067 788 3152 fugit,
803 3065 1067 3150 quandoquidem
1085 3086 1164 3131 raro
1181 3066 1275 3131 nobis
1289 3088 1350 3151 pro
1368 3089 1453 3134 com-

332 3181 427 3263 perto
463 3173 631 3240 affirmare
665 3174 754 3253 licet,
779 3171 987 3259 scriptorem,
1012 3172 1211 3259 quicumque
1238 3175 1291 3253 sit,
1320 3176 1451 3242 alicuius

331 3283 382 3348 rei
406 3283 608 3348 mentionem
633 3283 760 3347 inicere
785 3282 945 3360 debuisse,
970 3282 1142 3368 scriptoris
1165 3283 1253 3346 enim
1280 3304 1374 3350 mens
1391 3285 1451 3370 ple-

332 3412 485 3476 rumque,
508 3392 569 3469 sui,
596 3397 631 3456 ut
654 3391 702 3457 ita
726 3391 843 3470 dicam,
862 3396 911 3456 est
934 3391 1026 3468 iuris,
1053 3412 1117 3456 non
1142 3397 1277 3457 nostrae
1293 3388 1449 3458 voluntati

322 3506 365 3565 -et
388 3498 528 3565 arbitrio
552 3497 710 3564 subiecta.

421 3607 606 3683 Quaeritur
629 3628 719 3672 nunc
742 3607 827 3670 sitne
852 3626 987 3671 carmen
1012 3625 1100 3669 anno
1125 3605 1190 3670 725
1213 3606 1449 3674 vindicandum.

330 3716 413 3780 Rem
437 3714 550 3798 paucis
574 3714 766 3779 absolvam:
795 3714 881 3778 inest
904 3713 992 3776 enim
1018 3712 1237 3777 ornatissimis
1273 3714 1340 3779 illis
1376 3714 1448 3781 odae
1475 3792 1480 3799 Ι

329 3822 480 3887 versibus
500 3821 577 3886 talis
612 3819 856 3885 sententiarum
880 3820 972 3896 ordo,
1010 3841 1107 3905 qnae,
1134 3821 1160 3884 si
1198 3827 1289 3886 recte
1326 3822 1448 3907 quidem

330 3936 447 4015 poetae
471 3930 645 3996 consilium
671 3929 770 4015 paulo
787 3949 888 4014 supra
906 3928 1034 4014 aperui,
1054 3928 1093 3993 ad
1111 3929 1198 3993 hanc
1223 3935 1366 3996 aetatem
1383 3932 1449 4015 apte

397 4271 435 4339 n)
454 4272 487 4324 c.
505 4271 523 4326 1.
544 4289 569 4342 p.
590 4271 632 4324 41.

396 4361 440 4441 (2)
458 4362 488 4415 c.
507 4361 524 4415 l.
548 4361 605 4424 ue.
