3000 5010
59 359 121 437 ι13
1105 361 1197 456 (127)

53 360 140 563 iren]
156 518 251 582 posse
276 496 464 563 affirmavit.
490 499 517 564 E
541 498 656 565 Dionis
694 499 783 564 enim
816 497 1018 564 ¹narratione
1053 497 1197 563 efficitur

54 605 225 669 diluvium
251 612 321 669 tum
347 607 506 691 temporis
530 611 654 671 factum
680 628 740 692 pro
775 607 885 672 fausto
921 606 1064 692 augurio
1089 607 1193 691 vulgo

54 717 248 796 acceptum,
273 713 368 777 cuius
391 714 442 777 rei
468 734 604 799 prorsus
629 714 803 779 contraria
826 734 943 779 versus
967 713 1010 778 25
1034 735 1080 798 sq.

308 917 403 976 quem
427 909 520 959 vocet
544 897 654 958 divum
679 896 818 977 populus
842 899 965 957 arcentis

310 1004 424 1084 imperi
448 1004 568 1066 rebus?
592 1078 595 1083 ¹

60 1186 223 1250 indicant.
251 1186 359 1251 Unum
396 1191 508 1250 tamen
534 1186 727 1264 Christium,
752 1186 862 1249 virum
899 1185 1043 1265 doctum,
1068 1186 1103 1250 in
1129 1206 1194 1270 quo

58 1314 141 1358 raro
157 1294 286 1379 ingenii
303 1314 443 1358 acumen
458 1294 636 1372 desideres,
651 1295 836 1379 praeteriit.
854 1299 1089 1378 argumentum
1108 1295 1195 1379 quod

60 1408 181 1467 contra
205 1423 331 1467 annum
355 1402 421 1465 727
446 1403 569 1479 attulit,
596 1423 634 1468 eo
659 1404 797 1487 gravius
822 1407 941 1466 contra
966 1423 1090 1466 annum
1116 1402 1192 1481 732,

61 1531 159 1594 quem
196 1511 264 1596 ipse
301 1513 422 1576 ceteris
457 1517 626 1594 tamquam
663 1512 745 1577 odae
780 1510 926 1574 natalem
964 1512 1124 1594 praetulit
1159 1512 1193 1575 in

60 1623 218 1703 promptu
244 1639 325 1686 esse.
350 1619 465 1684 Dionis
489 1619 578 1683 enim
610 1618 843 1683 auctoritatem
880 1623 1023 1696 secutus,
1047 1625 1085 1683 ut
1108 1639 1193 1684 cou-

59 1726 177 1789 cedam
204 1725 350 1789 Tiberim
377 1746 508 1789 amnem
535 1746 622 1790 anno
647 1725 713 1790 732
737 1724 820 1789 fines
844 1745 921 1790 suos
944 1730 1192 1811 transgressum

59 1853 133 1896 esse
158 1838 192 1897 et
215 1833 382 1896 Romanos
408 1832 494 1896 alius
518 1833 652 1917 generis
677 1832 923 1897 calamitatibus
948 1830 1086 1898 afflictos
1103 1853 1185 1912 esse,

60 1944 193 2004 constat
216 1944 327 2004 tamen
345 1939 435 2003 cives
458 1943 528 2002 tum
546 1939 715 2024 temporis,
740 1938 906 2003 intestinis
930 1940 1102 2005 discordiis
1127 1940 1191 2006 iam

66 2047 125 2110 diu
149 2048 317 2132 repressis
343 2049 384 2113 ad
408 2067 616 2113 communem
642 2047 675 2111 in
700 2045 875 2132 republica
904 2067 1018 2132 pacem
1043 2053 1076 2113 et
1111 2070 1193 2115 con-

64 2153 214 2218 cordiam
238 2154 389 2219 redactos
413 2176 493 2219 esse.
520 2155 605 2218 Num
630 2153 704 2219 fieri
729 2158 836 2239 potest
859 2159 896 2219 ut
919 2175 1036 2220 versus
1062 2177 1192 2242 «quem

61 2267 161 2327 vocet
200 2261 391 2330 divum...»
432 2268 618 2327 extremam
653 2262 948 2347 imminentemque
984 2264 1190 2350 reipublicae

58 2369 190 2434 cladem
208 2369 404 2435 denotantes
421 2370 534 2454 aliqua
550 2369 682 2434 ratione
699 2389 906 2435 cumrerum
923 2375 1012 2436 statu
1029 2372 1109 2437 anni
1126 2372 1192 2438 732

57 2479 277 2556 cohaereant,
303 2498 367 2562 quo
390 2483 551 2563 tempore,
570 2483 731 2562 quantum
755 2498 835 2544 sane
860 2498 904 2543 ex
919 2479 1102 2544 Annalium
1127 2479 1192 2546 fide
1247 2554 1251 2561 ,

58 2584 239 2664 evincitur,
257 2590 400 2649 naturae
416 2589 560 2665 tantum,
576 2605 643 2649 non
661 2585 776 2649 civiles
800 2586 964 2649 tumultus
981 2585 1190 2671 irruperunt,

62 2693 142 2777 quin
162 2693 263 2758 etiam
288 2691 420 2777 publica
442 2693 671 2776 tranquillitas
694 2693 838 2778 Augusti
862 2712 966 2779 opera
982 2693 1105 2759 dudum
1129 2716 1191 2759 re-

60 2802 176 2865 stituta
200 2801 334 2885 integra
358 2800 549 2885 intactaque
574 2800 739 2879 manebat,
765 2821 803 2864 ac
826 2799 979 2865 stabilior
1014 2807 1106 2867 certe
1130 2801 1191 2869 fir-

57 2910 212 2994 miorque
238 2928 336 2992 quam
361 2927 449 2972 anno
473 2908 538 2971 727
563 2906 658 2972 erat?
694 2906 817 2982 Quodsi
854 2907 953 2972 huius
976 2909 1027 2974 rei
1059 2915 1190 2994 poetam

57 3016 192 3080 nullam
216 3014 382 3079 rationem
407 3012 561 3079 habuisse
586 3014 743 3098 opineris,
767 3013 900 3079 crimini
929 3014 1028 3079 etiam
1054 3015 1085 3080 ei
1111 3037 1190 3082 ver·

55 3124 198 3189 tendum
223 3122 274 3194 sit,
310 3121 397 3206 quod
433 3121 629 3206 praecipuas
665 3141 749 3206 quae
781 3121 930 3206 apoetis
961 3122 1185 3188 observantur

56 3231 152 3315 leges
177 3229 378 3314 neglexerit.
397 3229 512 3313 Neque
527 3229 633 3313 magis
649 3248 734 3313 quae
759 3229 953 3294 Schuetzius
970 3226 1008 3315 (¹)
1025 3250 1085 3315 pro
1103 3251 1191 3297 anno

56 3339 125 3402 727
151 3337 264 3401 attulit
288 3336 414 3420 aliquid
438 3336 583 3421 probare
608 3342 708 3421 atque
732 3337 890 3403 evincere
913 3337 994 3401 mihi
1019 3337 1188 3406 videntur.

54 3446 126 3511 Vir
143 3445 231 3509 enim
250 3445 375 3520 doctus,
392 3443 471 3507 licet
487 3443 636 3508 Frankio
653 3443 865 3521 concesserit,
884 3450 1039 3528 portenta
1055 3468 1075 3510 a
1091 3453 1190 3532 poeta

54 3557 321 3618 commemorata
337 3551 378 3615 ad
401 3550 555 3635 prodigia
570 3550 630 3613 illa
655 3549 836 3633 pertinere,
854 3572 939 3634 quae
953 3558 1025 3636 post
1042 3553 1193 3619 Caesaris

55 3659 235 3724 interitum
259 3663 407 3742 spectata
430 3677 501 3721 esse
524 3656 724 3721 scholiastae
748 3657 897 3736 tradunt,
915 3679 1051 3724 carmen
1077 3665 1190 3726 tamen

107 3927 147 3998 (l)
159 3925 320 3980 Schuetzius
330 3926 468 3980 Horatius
478 3929 599 3981 Flaccus
609 3929 715 3982 aratore
725 3944 781 3981 ocu
795 3927 942 3980 Hermann
955 3926 1073 3982 Schuetz
1084 3931 1102 3985 1.
1114 3930 1195 3985 Theil

48 4018 132 4071 Oden
144 4014 201 4068 und
213 4014 336 4085 Epoden,
346 4014 448 4068 Zweite
460 4015 588 4084 Auflage‚
608 4015 703 4069 Berlin
716 4014 791 4072 1880.
806 4014 835 4067 ln
854 4014 906 4067 hac
921 4015 1040 4070 editione
1051 4016 1080 4069 in
1091 4018 1195 4072 schola·

48 4123 117 4160 rum
137 4120 221 4157 usum
240 4104 365 4157 conlecta
383 4104 559 4157 cumceteris
579 4103 750 4174 explicandis
761 4121 873 4174 operam
883 4103 967 4170 dedit,
977 4108 1036 4158 tum
1056 4105 1196 4161 inconsti-

47 4196 169 4251 tuendis
198 4193 368 4263 temporibus
399 4193 512 4248 uberius
532 4211 614 4266 quam
643 4194 749 4265 priores
776 4193 864 4247 nostri
893 4194 996 4248 saeculi
1027 4195 1196 4266 interpretes

47 4291 186 4341 versatus
206 4289 250 4338 est
268 4284 327 4353 (cfr.
347 4301 372 4353 p.
392 4282 428 4351 7).

144 4407 171 4445 r.
983 4391 1001 4444 2
