3000 5010
310 463 399 552 (its)
1399 443 1451 539 [it

313 592 408 668 visse,
434 611 508 655 cum
534 588 709 654 obscuram
734 586 943 671 diligentiam
967 585 1161 671 appellaret,
1198 601 1285 667 quae
1323 579 1452 665 optimo

311 697 387 763 iure
410 695 675 762 fructuosissima
699 695 807 780 potius
831 700 864 760 et
888 692 1027 778 egregia
1050 690 1201 757 sollertia
1215 679 1452 772 nuncupanda

313 810 397 883 erat,
423 802 689 889 quandoquidem
714 801 845 866 facilius
868 799 972 878 nobis
997 799 1023 863 si
1048 796 1226 864 cuiuslibet
1252 795 1306 860 rei
1337 799 1452 880 partes

312 911 397 976 bene
421 910 690 995 perspexerimus
714 913 747 973 et
770 907 1038 994 cognoverimus
1063 906 1103 971 de
1127 909 1196 970 toto
1221 922 1360 988 quoque
1398 922 1453 967 re-

312 1025 401 1085 ctum
425 1017 585 1085 iudicium
611 1022 701 1083 serre
725 1017 937 1082 concedetur.
963 1014 1162 1100 Aequalium
1199 1011 1307 1097 igitur
1330 1010 1454 1076 studiis

312 1132 346 1192 et
368 1127 554 1192 rationibus
577 1131 705 1190 temere
730 1124 900 1210 neglectis,
937 1123 1027 1187 intra
1061 1123 1121 1186 hos
1145 1118 1238 1207 quasi
1274 1119 1453 1185 cancellos

313 1235 520 1299 voluminum
544 1234 673 1298 natales
698 1230 866 1318 ponendos
891 1229 994 1294 iussit.
1013 1228 1053 1318 (¹)

293 1412 399 1482 Serm.
413 1413 469 1478 lib.
486 1415 508 1476 Ι.
539 1411 629 1477 intra
652 1431 757 1476 annos
782 1409 900 1475 aetatis
932 1408 1108 1487 ao,27,28;
1134 1406 1173 1471 ab
1198 1406 1235 1471 U.
1254 1404 1287 1470 G.
1316 1404 1473 1471 715-717

294 1521 399 1586 Serm.
415 1520 470 1585 lib.
485 1523 523 1585 ll.
693 1520 779 1584 idem
930 1516 1107 1596 31,32,33;
1157 1541 1174 1572 s
1248 1537 1264 1575 ›>
1316 1514 1475 1580 720-722

294 1628 431 1713 Epodon
456 1627 579 1693 librum
692 1627 778 1691 idem
929 1627 971 1691 34
996 1625 1110 1701 et353
1159 1650 1174 1679 »κ
1248 1647 1265 1676 a
1315 1622 1474 1688 723-724

293 1735 402 1801 Carm.
435 1735 490 1800 lib.
516 1737 539 1800 l.
698 1735 784 1799 idem
934 1732 1110 1812 3o‚37,38;
1164 1756 1167 1761 “
1248 1757 1265 1787 »>
1315 1730 1473 1796 725-728

294 1843 403 1911 Carm.
427 1830 551 1907 libfss.
695 1842 781 1906 idem
931 1841 974 1904 40
997 1840 1110 1917 et413
1250 1863 1266 1893 a
1316 1838 1474 1904 729-730

294 1951 402 2015 Garm.
428 1950 557 2017 lib.lll.
693 1949 779 2014 idem
930 1947 973 2010 42
997 1946 1110 2022 et43;
1253 1972 1264 2003 =›
1315 1945 1474 2010 731-732

294 2058 396 2142 Epist.
421 2056 477 2121 lib.
502 2059 526 2120 l.
696 2055 781 2120 idem
932 2055 974 2118 46
998 2060 1031 2118 et
1047 2055 1111 2130 473
1159 2076 1174 2111 s
1251 2078 1266 2107 ·›>
1317 2053 1473 2120 735-736

294 2164 670 2318 {ffggrffiaelfflffi
696 2207 783 2272 nem
934 2206 1110 2285 49‚5o‚51;
1253 2234 1265 2263 2
1316 2207 1473 2274 res-739

407 2433 523 2497 Artem
562 2431 724 2516 poeticam
760 2435 794 2494 et
828 2429 1055 2513 Epistularum
1090 2431 1273 2498 secundum
1311 2430 1455 2499 incertis

318 2542 423 2607 annis
945 2538 946 2542 ’

404 2651 514 2737 Atque
538 2651 709 2717 contendit
732 2651 907 2716 Horatium
933 2650 1047 2715 eodem
1073 2654 1223 2733 tempore
1258 2668 1326 2712 non
1368 2648 1454 2716 varii

316 2762 373 2825 sed
397 2760 543 2824 eiusdem
568 2759 702 2844 generis
727 2764 878 2842 poemata
902 2757 1135 2842 composuisse,
1161 2775 1245 2840 quae
1271 2761 1391 2839 postea
1422 2758 1454 2822 in

317 2889 420 2931 unum
445 2867 567 2932 librum
593 2867 721 2950 digesta
745 2865 896 2930 editurus
931 2865 1043 2928 luerit.
1080 2866 1223 2928 Brevem
1248 2869 1365 2928 autem
1404 2865 1456 2930 di-

317 2974 551 3058 sputationem,
575 2973 705 3037 Horatii
725 2971 862 3035 editioni
881 2971 1107 3055 praemissam,
1124 2970 1267 3055 superbe
1285 2973 1456 3038 conclusit

317 3081 489 3145 Bentleius
513 3079 692 3155 affirmans,
716 3099 759 3142 ex
783 3077 991 3163 argumentis
1015 3078 1224 3162 singulorum
1261 3080 1455 3144 carminum

319 3193 352 3252 et
376 3209 419 3252 ex
443 3187 626 3251 Annalium
650 3185 714 3249 fide
736 3188 900 3261 constare,
918 3184 1008 3250 intra
1025 3185 1100 3250 illos
1116 3186 1284 3250 cancellos
1301 3189 1456 3252 omnium

319 3295 507 3380 poemation
531 3294 661 3357 natales
684 3312 754 3356 esse
779 3293 969 3375 ponendos,
984 3298 1083 3378 atque
1107 3293 1197 3358 viros
1222 3293 1345 3370 doctos,
1373 3316 1459 3380 quo-

317 3405 524 3486 tiescumque
549 3406 647 3465 extra
671 3400 746 3464 illos
769 3400 891 3465 limites
927 3403 1101 3488 evagaturi
1142 3408 1261 3477 essent,
1287 3402 1389 3467 toties
1422 3404 1455 3468 in

312 3527 456 3577 'errores
480 3510 704 3595 prolapsuros
731 3507 825 3583 Quod
851 3511 1046 3574 vaticinium
1084 3510 1140 3573 diu
1166 3516 1199 3574 et
1221 3509 1382 3593 religiose
1417 3511 1457 3576 ab

200 3684 202 3688 .
318 3617 513 3702 aequalibus
538 3616 648 3701 magni
674 3617 881 3682 aestimatum
919 3624 977 3696 est,
1014 3619 1120 3682 donec
1145 3623 1312 3702 postremo
1345 3619 1455 3684 nostri

319 3725 443 3791 saeculi
480 3723 620 3789 eruditis
655 3722 747 3803 viris,
784 3724 839 3808 qui
875 3725 909 3787 in
946 3723 1133 3788 huiusmodi
1160 3722 1276 3786 studiis
1308 3723 1455 3788 multum

320 3836 544 3918 profecerant,
566 3829 697 3894 ridendi
723 3831 895 3895 materiem
921 3829 1084 3914 praebuit.
1110 3829 1159 3894 Ac
1175 3849 1213 3893 re
1229 3848 1312 3893 vera
1328 3833 1457 3897 nostris

321 3941 446 4017 diebus,
472 3938 589 4023 quibus
624 3936 657 3999 id
681 3956 787 4020 genus
813 3936 1023 4020 quaestiones
1047 3936 1126 4000 satis
1150 3936 1331 4021 diligenter
1361 3937 1459 4005 insti-

387 4258 428 4328 (l)
449 4260 503 4312 cfr.
524 4259 637 4311 brevem
657 4256 872 4325 disputationem
893 4255 997 4310 lloratii
1020 4254 1149 4324 operibus
1177 4273 1193 4307 a
1222 4255 1347 4309 Bentleio
1378 4260 1462 4314 editis

316 4362 479 4418 praemmsa
