3000 5010
876 801 899 868 l.

461 1035 527 1105 De
550 1040 753 1124 tempore
779 1034 1024 1104 Carminis
1045 1034 1082 1102 «9
1104 1034 1242 1102 Libra·
1265 1031 1326 1101 I!

409 1327 573 1392 Veterum
597 1324 820 1408 interpretum
845 1344 967 1408 magna
982 1321 1092 1400 turba,
1111 1322 1166 1407 qui
1184 1343 1311 1407 parum
1330 1324 1456 1411 quidem

320 1434 501 1519 diligenter
516 1438 647 1518 tempus
663 1451 728 1516 quo
742 1438 840 1516 poeta
852 1431 940 1496 hanc
957 1430 1052 1496 odam
1070 1430 1336 1498 concinnaverit
1352 1432 1475 1519 exqui·

322 1561 401 1607 rere
424 1541 637 1618 studuerunt,
661 1540 761 1605 facile
785 1538 918 1605 adducti
942 1543 1021 1604 sunt
1053 1544 1091 1603 ut
1126 1538 1167 1604 ad
1203 1537 1293 1604 illud
1332 1545 1459 1608 tantum

320 1648 479 1734 temporis
503 1647 721 1712 intervallum
744 1646 956 1712 referendam
981 1667 1055 1712 eam
1079 1665 1150 1711 esse
1170 1644 1361 1713 crederent
1378 1647 1460 1734 quod

320 1755 472 1822 Caesaris
495 1775 611 1821 necem
637 1753 791 1840 proxime
815 1761 1030 1819 consecutum
1055 1758 1114 1820 est.
1139 1752 1220 1816 Cum
1246 1758 1369 1820 autem
1406 1775 1462 1820 re-

319 1885 396 1929 rum
419 1863 601 1948 scriptores
624 1861 838 1940 tradiderint,
862 1861 971 1927 occiso
995 1859 1150 1938 Caesare,
1174 1858 1336 1939 fulmina,
1371 1860 1463 1927 nives

320 1972 512 2059 grandines,
537 1972 604 2036 alia
627 1971 816 2036 huiusmodi
840 1976 984 2036 naturae
1008 1974 1129 2034 eventa
1150 1975 1326 2052 tamquam
1353 1970 1464 2056 prodi·

321 2082 377 2168 gia
400 2080 605 2147 imminentis
621 2079 828 2164 reipublicae
844 2079 1044 2145 calamitatis
1060 2077 1237 2156 exstitisse,
1254 2077 1465 2148 scholiastae

321 2209 404 2255 vero
427 2189 517 2254 Acro
542 2191 575 2252 et
597 2186 788 2272 Porphyrio
811 2187 911 2252 etiam
936 2186 1083 2252 Tiberim
1108 2205 1238 2251 amnem
1263 2189 1341 2252 tum
1379 2193 1464 2255 tem-
1489 2180 1491 2185 ’

322 2295 413 2382 poris
436 2315 537 2380 super
559 2293 650 2379 ripas
673 2291 813 2359 effusum
837 2294 1066 2373 narraverint,
1091 2294 1175 2358 haec
1198 2313 1274 2358 cum
1292 2295 1463 2378 portentis

322 2402 362 2469 ab
387 2402 527 2468 Horatio
550 2402 697 2467 narratis
721 2406 1013 2487 comparaverunt,
1038 2422 1076 2466 ac
1100 2401 1187 2466 mira
1222 2400 1373 2486 quadam
1402 2423 1462 2470 eo-

321 2531 396 2576 rum
420 2509 511 2575 inter
533 2530 568 2575 se
592 2509 815 2595 congruentia
838 2508 976 2573 inventa
999 2528 1080 2573 suae
1103 2508 1183 2572 hinc
1206 2510 1404 2576 sententiae
1424 2509 1462 2576 fi·

320 2618 395 2684 dem
419 2623 452 2683 et
475 2616 765 2684 confirmationem
791 2616 952 2682 accedere
976 2614 1131 2681 arbitrati
1154 2621 1242 2682 sunt.

412 2725 476 2790 Sed
512 2730 604 2790 recte
640 2724 804 2790 Christius
838 2722 968 2788 monuit
1000 2722 1197 2789 scholiastae
1235 2743 1315 2789 ‹ex
1346 2725 1460 2791 verbis

321 2839 440 2919 poetae
457 2832 544 2896 male
561 2831 741 2897 intellectis
757 2832 987 2897 coniecturam
1003 2832 1084 2897 satis
1099 2832 1230 2898 futilem
1246 2831 1402 2898 fecisse»
1421 2832 1459 2921 (¹)

321 2945 356 3005 et
378 2942 583 3004 commentos
604 2957 676 3002 esse
700 2938 847 3002 Tiberim
873 2958 1004 3003 amnem
1028 2960 1057 3004 a.
1083 2941 1149 3004 710
1172 2940 1228 3004 vel
1250 2939 1313 3003 711
1342 2940 1388 3005 ab
1423 2961 1454 3006 u.

207 3126 214 3135 ,
322 3067 350 3111 c.
376 3045 507 3109 alveum
531 3043 722 3108 excessisse.
748 3045 891 3110 Acronis
916 3045 1004 3110 enim
1029 3045 1344 3132 Porphyrionisque
1382 3048 1457 3135 opi-

322 3151 468 3228 nionem,
493 3148 613 3234 quippe
634 3169 718 3232 quae
736 3150 907 3214 hominum
923 3153 1064 3216 fortasse
1079 3172 1245 3231 sermone,
1261 3152 1360 3217 nulla
1376 3173 1458 3220 vero

323 3277 439 3325 rerum
473 3255 675 3341 scriptorum
711 3255 852 3322 firmiori
888 3261 1089 3326 auctoritate
1122 3260 1301 3339 fulciatur,
1338 3263 1457 3329 falsam

323 3383 461 3451 prorsus
492 3362 763 3447 reiciendamque
795 3383 866 3429 esse
901 3369 1049 3450 apparet,
1084 3365 1148 3431 nisi
1191 3366 1303 3432 verbis
1342 3369 1457 3437 Dionis

324 3475 428 3542 Cassii
463 3511 506 3526 -
539 3476 591 3538 καὶ
614 3472 703 3558 ἰχθὺς
724 3473 761 3537 ἐκ
784 3483 836 3558 τῆς
858 3474 1019 3560 θαλάσσης
1041 3476 1192 3561 ἀμύθητοι
1214 3481 1294 3542 κατὰ
1316 3483 1373 3559 τὰς
1407 3490 1457 3547 τοῦ

325 3582 479 3670 raptaue
499 3580 630 3663 ἐκβολὰς
652 3579 683 3657 ἐς
705 3582 758 3665 τὴν
779 3580 903 3667 ἤπειρον
925 3581 1067 3661 ἐξέπεσον
1083 3583 1123 3674 (²)
1147 3622 1192 3633 —
1214 3583 1308 3652 fluvii
1325 3589 1459 3656 eluvio-

325 3710 402 3755 nem
425 3685 609 3771 signiflcuri
635 3704 811 3770 perperam
835 3693 971 3757 statuas.

416 3795 488 3859 lam
513 3792 569 3856 diu
594 3790 877 3857 antechristum
902 3796 1083 3878 Massonus‚
1121 3800 1271 3884 quamvis
1306 3809 1342 3867 et
1377 3803 1456 3889 ipse,

476 4174 481 4184 .
514 4169 519 4182 .
558 4125 625 4181 .13.

391 4132 433 4292 ddi
452 4127 556 4272 Iliiolnisp
567 4215 655 4280 Cassii
681 4215 825 4269 Cocceiani
847 4217 972 4273 Historia
992 4222 1120 4278 Romano
1148 4228 1190 4283 ed.
1221 4231 1249 4285 L.
1280 4234 1456 4303 Dindorflus,

323 4314 432 4387 lipsiae
454 4308 531 4374 1863,
551 4306 597 4362 lib.
618 4304 732 4372 lates.
