3000 5010
59 434 115 524 [5]
1101 426 1191 514 (119)

55 568 151 626 tutae
176 565 263 638 sunt,
288 557 564 623 Bentleianarum
588 556 757 620 rationum
779 555 956 619 intirmitas
973 554 1080 639 primo
1098 553 1190 637 quasi

55 669 179 734 obtutu
203 668 365 733 cernitur.
391 665 543 729 Primum
575 664 673 728 emim
709 664 762 727 vir
798 662 1005 728 doctissimus
1039 667 1191 746 tempora

53 776 179 861 quibus
203 775 388 840 Horatiana
412 793 514 857 opera
538 771 729 856 composita,
753 792 828 835 cum
854 770 893 834 iis
925 769 1043 854 quibus
1067 769 1113 851 ⁴in
1137 769 1192 832 lu-

53 905 132 949 cem
157 885 246 948 edita
270 884 336 947 sint
360 879 547 964 confudisse
582 878 725 954 videtur,
763 897 848 962 quae
880 877 1013 961 quidem
1048 875 1190 940 multum

50 993 148 1056 inter
173 1013 208 1056 se
233 989 369 1055 differre
394 1008 437 1051 ex
461 986 613 1070 lpistula
637 985 677 1049 ad
694 985 831 1049 Pisones
849 985 1033 1049 evincitur:

149 1100 192 1164 V.
219 1098 392 1164 uae-390:

125 1248 159 1308 id
184 1245 241 1307 tibi
267 1245 420 1306 iudicium
446 1259 524 1331 estc,
549 1267 587 1307 ea
610 1267 719 1308 mens:
743 1246 770 1307 si
793 1247 872 1326 quid
894 1258 1002 1308 tamen
1026 1245 1103 1308 olim

128 1353 303 1433 scripseris
330 1353 361 1413 in
387 1354 490 1415 Maeci
514 1354 687 1416 descendat
715 1355 829 1416 iudicis
854 1376 947 1416 aures

126 1472 158 1524 et
181 1462 283 1541 patris
307 1473 338 1522 et
362 1473 498 1535 nostraS‚
527 1484 713 1542 nonumque
740 1475 905 1542 prematur
933 1463 965 1524 in
993 1483 1124 1537 annum,

129 1569 322 1630 membranis
351 1568 437 1630 intus
464 1570 586 1649 positis¹
613 1570 730 1631 Delere
757 1571 868 1632 licebit

127 1677 216 1756 quod
243 1697 306 1737 non
333 1677 472 1738 edideris
486 1700 493 1752 ;
523 1678 624 1738 nescit
651 1698 714 1739 vox
744 1677 841 1739 missa
863 1679 991 1745 reverti.

149 1859 332 1941 Perperam
357 1857 476 1922 deinde
502 1858 683 1923 arbitratus
708 1862 766 1936 est,
791 1858 968 1922 Horatium
985 1859 1086 1923 certis
1102 1859 1191 1924 vitae

56 1965 251 2030 intervallis
275 1964 399 2030 laboris
434 1966 662 2051 impatientem
698 1966 859 2032 eiusmodi
895 1967 1045 2052 requiem
1081 1967 1192 2033 animo

56 2093 123 2137 suo
148 2072 357 2156 quaesivisse,
383 2077 419 2137 ut
444 2095 463 2137 a
485 2074 669 2159 pangendis
695 2074 845 2138 versibus
880 2095 940 2159 per
974 2077 1060 2140 totos
1088 2095 1193 2140 annos
1290 2114 1298 2128 ·

56 2181 255 2246 abstineret.
281 2182 364 2244 'lum
390 2181 491 2245 etiam
514 2203 532 2246 e
556 2180 697 2266 simplici
723 2182 855 2248 Satirae
879 2185 903 2251 l.
927 2184 958 2262 8,
983 2184 1088 2270 Epodi
1114 2183 1135 2248 5
1160 2188 1194 2249 et

57 2290 102 2352 17
127 2287 387 2372 comparatione,
414 2288 532 2373 quibus
555 2294 653 2373 poeta
675 2288 860 2354 veneficam
885 2290 1056 2355 Canidiam
1081 2290 1192 2355 inces-

54 2397 110 2467 sit,
138 2394 404 2460 concludendum
429 2396 459 2460 ei
484 2401 558 2460 erat
583 2396 759 2461 Horatium
784 2397 900 2462 eodem
935 2401 1005 2463 fere
1040 2402 1192 2484 tempore

55 2504 146 2568 varii
172 2504 308 2588 generis
332 2525 371 2568 ac
395 2505 494 2569 metri
519 2505 684 2589 poematia
719 2506 907 2590 promiscue
942 2506 1121 2591 scripsisse.
1144 2509 1194 2572 Ita

56 2611 213 2676 carmina
237 2611 364 2694 aliquot
387 2611 496 2696 lyrica
520 2611 635 2676 eodem
661 2633 725 2696 quo
750 2612 877 2697 aliquot
900 2614 1020 2677 satiras
1043 2618 1193 2698 tempore

57 2718 241 2802 composita
266 2738 337 2782 esse
361 2724 622 2783 consentaneum
647 2724 705 2782 est.
731 2717 941 2803 Quamquam
976 2740 1075 2785 nemo
1110 2719 1193 2785 infi-

57 2825 174 2900 tiatur,
200 2829 330 2908 poetam
355 2823 557 2888 iuvenilibus
594 2825 690 2889 annis
725 2826 836 2890 satiris
874 2826 978 2911 magis
1013 2831 1046 2891 et
1081 2827 1194 2911 epodis

57 2931 297 3016 componendis
321 2931 487 2995 intentum
511 2931 624 3010 luisse,
649 2932 759 2997 media
782 2939 892 2998 aetate
917 2933 1026 3019 lyrica
1061 2934 1195 3020 potissi-

58 3060 150 3103 mum
176 3038 327 3102 carmina
350 3039 556 3116 tractavisse,
593 3045 760 3123 postrema
794 3060 875 3104 vero
911 3039 1095 3104 scribendis
1118 3040 1194 3124 epi-

56 3147 166 3222 stulis
190 3146 238 3209 ita
261 3151 373 3210 tamen
399 3151 436 3209 ut
459 3147 611 3210 carmina
635 3166 773 3231 prorsus
791 3167 856 3212 uon
873 3147 1080 3226 excluderet,
1097 3167 1193 3232 prae-

58 3255 156 3338 cipue
181 3274 216 3317 se
240 3253 466 3319 delectavisse.
492 3255 656 3318 Nimirum
692 3255 851 3319 Horatius
886 3275 947 3340 pro
982 3255 1077 3320 varia
1105 3256 1194 3320 vitae

58 3368 172 3428 aetate
196 3362 453 3447 litterarumque
477 3362 594 3427 studiis
618 3383 657 3426 ac
681 3382 741 3447 pro
765 3363 971 3447 reipublicae
995 3362 1122 3429 vicibus
1153 3362 1194 3428 ad

60 3472 125 3535 hoc
149 3469 257 3556 potius
281 3470 335 3534 vel
359 3470 443 3534 illud
468 3469 574 3554 poesis
598 3489 703 3554 genus
727 3489 762 3534 se
782 3470 958 3548 convertit,
976 3475 1010 3534 at
1026 3490 1065 3535 eo
1083 3475 1193 3534 tamen
1213 3542 1216 3548 ‚

58 3577 198 3663 ingenio
223 3578 392 3663 animique
417 3579 529 3644 indole
553 3579 626 3656 fuit,
652 3583 689 3642 ut
712 3579 775 3643 hac
800 3579 839 3643 de
863 3599 901 3644 re
936 3601 1003 3645 non
1028 3580 1116 3645 omni
1152 3600 1195 3644 ex

59 3690 158 3770 parte
183 3705 257 3749 cum
284 3684 447 3750 Cicerone
471 3685 660 3769 comparari
686 3685 798 3770 possit,
823 3686 878 3769 qui
915 3687 1060 3770 quidem,
1096 3691 1197 3770 prout

59 3813 178 3856 rerum
203 3794 418 3858 commutatio
443 3794 478 3857 in
502 3793 639 3858 civitate
663 3795 751 3856 facta
775 3798 833 3871 est,
859 3794 990 3859 facilius
1015 3794 1116 3859 etiam
1140 3794 1198 3859 ad-

59 3899 248 3964 ducebatur
273 3907 309 3966 ut
333 3923 401 3967 non
426 3902 568 3988 amplius
592 3902 626 3965 in
650 3900 838 3965 forensibus
862 3902 920 3966 sed
955 3903 987 3966 in
1017 3903 1197 3967 rhetoricis

59 4012 193 4072 tantum
219 4012 252 4071 et
276 4009 315 4073 de
340 4009 550 4094 philosophia
572 4008 668 4072 libris
690 4009 871 4072 exarandis
888 4009 1086 4074 industriam
1104 4031 1197 4075 suam

59 4117 256 4181 collocaret.
281 4116 383 4200 Atqui
408 4121 561 4182 extrema
586 4136 717 4200 quoque
742 4121 852 4181 aetate
876 4118 1052 4182 Horatium
1077 4117 1117 4182 ad
1138 4139 1198 4183 va-

58 4223 115 4287 ria
139 4229 293 4307 poemata
315 4225 503 4308 promiscue
528 4224 734 4289 elaboranda
758 4228 792 4288 et
815 4224 972 4290 idoneum
997 4232 1030 4290 et
1065 4226 1194 4310 procli-

58 4350 135 4395 vem
160 4329 274 4409 fuisse,
299 4350 341 4395 en
365 4351 415 4415 ep.
441 4333 479 4396 ΙΙ.
503 4331 535 4397 2.
552 4331 596 4397 58
630 4351 698 4414 sqq.
734 4328 889 4410 efficitur,
927 4332 981 4397 ubi
1019 4333 1196 4420 quaerenti
