3000 5010
188 399 249 503 [u]
1208 411 1300 503 (155)

261 541 311 605 Ex
336 539 377 605 iis
409 559 494 624 quae
529 540 596 604 huc
631 559 734 625 usque
768 537 919 617 disserui,
955 539 1137 618 evidenter,
1173 541 1301 625 opinor,

193 653 317 733 apparet,
341 647 492 714 Frankio
517 647 782 732 adstipulandum
809 666 879 712 esse
897 647 952 731 qui
970 647 1063 712 odam
1082 651 1159 713 ante
1176 669 1298 713 annum

194 755 237 820 731
260 762 362 821 ortam
388 755 526 820 censuit.
551 753 658 819 Annis
675 757 786 820 autem
804 753 939 819 727101
956 754 1074 820 728111
1095 755 1300 821 adscriberet

195 863 251 927 inde
265 863 423 928 adductus
439 868 489 928 est
506 862 592 947 quod
610 862 709 928 aliter
726 883 765 928 ac
779 861 944 926 0111131103
971 862 1194 928 «historica»
1214 883 1298 947 quae

195 969 278 1035 verbis
302 992 320 1037 11
337 970 475 1036 adiectis
491 970 663 1036 Britannis
680 969 905 1056 gravibusque
921 970 1065 1035 Persis»
1084 969 1198 1035 insunt
1217 993 1234 1036 1
1251 971 1299 1036 10-

197 1078 282 1143 110131
309 1079 560 1164 interpretatus
586 1078 708 1142 bellum
735 1078 768 1142 in
797 1079 977 1144 Britannos
1012 1079 1141 1144 illatum
1178 1080 1296 1164 respici

196 1187 255 1251 1111.
275 1186 321 1252 Ac
345 1206 489 1252 101313
513 1206 579 1252 non
604 1193 731 1251 temere
755 1206 794 1250 ao
817 1185 955 1251 fortuito
979 1185 1019 1250 de
1048 1185 1220 1251 Britannis
1243 1187 1298 1252 10-

197 1299 280 1358 cutum
303 1313 374 1359 esse
399 1297 528 1379 poetam
553 1293 724 1370 concedes,
748 1292 774 1356 si
799 1292 985 1379 Augustum
1015 1293 1144 1370 crebro,
1181 1299 1218 1357 ut
1242 1313 1297 1359 eos

198 1401 366 1484 perdomitos
390 1401 541 1480 haberet,
566 1401 728 1466 militares
751 1401 979 1486 expeditiones
1003 1401 1036 1466 in
1068 1401 1209 1467 insulam
1246 1423 1298 1465 su-

198 1509 305 1594 scepisse
328 1510 585 1589 animadvertes,
610 1530 695 1595 quae
719 1517 856 1595 propter
890 1511 1083 1595 repentinas
1118 1510 1296 1576 seditiones

199 1616 260 1699 apud
280 1617 358 1682 alias
383 1621 500 1702 gentes
523 1622 702 1682 commotas
727 1617 780 1682 vel
805 1617 846 1683 ad
870 1627 1038 1704 posterum
1059 1618 1181 1684 dilatae
1198 1626 1296 1683 erant

200 1723 237 1786 101
254 1725 286 1790 ad
321 1725 456 1790 irritum
491 1725 693 1793 ceciderant.
728 1727 780 1790 Ex
814 1725 953 1791 Frankii
990 1731 1101 1791 autem
1129 1727 1295 1791 sententia

200 1830 339 1898 celebratis
364 1833 431 1898 11113
455 1835 612 1919 strophae
638 1834 765 1918 primae
790 1832 940 1897 versibus
968 1833 1062 1898 nullo
1099 1838 1194 1918 pacto
1230 1855 1295 1899 ex-

200 1936 287 2018 peditio
320 1961 419 2025 quam
456 1939 660 2006 Octavianus
695 1959 783 2005 anno
817 1940 882 2004 719
920 1940 1050 2025 paravit
1084 1940 1294 2025 significatur

204 2044 255 2123 1110
275 2048 358 2112 enim
384 2047 526 2113 motibus
550 2048 584 2112 in
608 2048 785 2113 Pannonia
808 2048 890 2113 ortis
917 2046 1041 2112 bellum
1077 2055 1292 2135 prorogatum

202 2148 252 2235 est);
266 2154 315 2218 sed
332 2155 441 2239 potius
457 2155 685 2240 respiciuntur
701 2175 785 2240 quae
802 2174 890 2219 anno
906 2153 970 2220 727
989 2154 1102 2220 01728
1122 2161 1293 2241 susceptae

199 2269 267 2337 suu
287 2283 349 2348 quo
373 2269 523 2348 tempore
548 2284 654 2330 «cum
681 2264 833 2329 Britanni
860 2263 921 2327 visi
947 2267 1056 2328 essent
1080 2264 1213 2331 mittere
1237 2266 1292 2350 qui

198 2365 421 2448 paciscerentur,
446 2370 562 2436 habuit
585 2370 713 2436 scilicet
736 2377 834 2455 poeta
857 2391 918 2435 cur
943 2370 1121 2436 defutura
1155 2372 1293 2438 Britan-

197 2487 283 2541 norum
315 2478 527 2564 expeditione
562 2477 681 2543 bonam
716 2497 804 2563 spem
841 2478 951 2541 animo
986 2476 1177 2562 conciperet
1198 2500 1226 2543 ».
1253 2478 1291 2566 (¹)

196 2574 309 2651 Frankio
332 2606 470 2672 prorsus
494 2585 626 2656 accedo.
651 2585 759 2650 Unum
785 2591 896 2650 tamen
922 2604 994 2649 meo
1018 2584 1093 2649 iure
1123 2583 1290 2650 affirmare

196 2687 277 2776 ausin,
291 2699 419 2778 poetam
437 2694 520 2758 haec
537 2692 707 2758 3000727
724 2691 857 2757 10331330
874 2696 974 2776 atque
990 2690 1101 2755 verbis
1118 2717 1135 2751 ‹
1154 2691 1291 2757 adiectis

195 2789 329 2865 Britannis
353 2800 578 2886 gravibusque
602 2799 749 2864 Persis»
775 2818 841 2864 non
866 2818 926 2883 per
957 2797 1125 2884 ὑπερβολὴν
1149 2799 1290 2864 univer-

194 2915 242 2966 110
261 2907 366 2974 orbem
392 2908 433 2973 ab
458 2907 608 2993 Augusto
631 2906 858 2972 subiciendum
876 2907 932 2972 sed
950 2906 1073 2971 diserte
1090 2905 1170 2971 duas
1182 2927 1290 2992 expe-

192 3001 298 3081 ditiones
321 3016 485 3081 militares
509 3036 576 3081 uno
600 3015 781 3100 eodemque
806 3034 894 3080 anno
918 3015 983 3080 727
1007 3014 1041 3078 10
1079 3014 1288 3080 Britanniam

192 3117 214 3176 11
230 3114 386 3190 Orientem
411 3131 579 3210 susceptas
602 3124 770 3209 respicere
794 3123 949 3200 voluisse,
974 3122 1022 3186 ita
1046 3127 1082 3186 ut
1099 3124 1288 3207 poemation

190 3231 255 3294 reete
274 3231 500 3322 προπεμπτικόν
523 3232 712 3317 nuncupari
738 3232 847 3318 possit.

251 3338 328 3406 Huic
351 3339 500 3426 opinioni
524 3338 605 3404 fides
629 3340 764 3404 additur
788 3359 805 3404 e
829 3338 1080 3424 comparatione
1106 3338 1215 3403 Carm.
1245 3338 1288 3403 35

190 3439 212 3499 tt
228 3441 270 3514 29.
291 3448 309 3514 1.
335 3447 380 3527 U,
406 3468 491 3533 quae
526 3448 628 3533 vulgo
663 3468 751 3514 anno
786 3447 851 3512 727
887 3447 1109 3532 assignantur.
1147 3446 1288 3531 Legitur

191 3547 254 3617 111110
273 3555 303 3621 G.
328 3556 381 3624 35.
406 3557 429 3621 1.
455 3558 478 3621 I.
503 3577 534 3624 V.
558 3556 601 3621 29
626 3574 704 3641 Sqq³

398 3721 515 3784 Serves
539 3722 658 3782 iturum
684 3719 855 3784 Caesarem
879 3721 911 3782 in
936 3720 1066 3781 ultimos

399 3828 497 3892 Orbis
522 3829 702 3914 Britannos,
727 3840 759 3890 et
782 3831 933 3890 iuvenum
957 3847 1070 3890 recens

399 3936 546 3998 Examen
569 3937 637 3998 eois
660 3936 838 3999 timendum

399 4042 549 4105 Partibus
573 4044 769 4124 Oceanoque
791 4042 890 4105 rubro

235 4320 394 4392 (1111311111
415 4327 497 4380 verba
515 4325 688 4397 transcripsi,
721 4327 768 4398 qui
789 4326 903 4381 Dionem
934 4328 1074 4380 auctorem
1092 4330 1206 4380 secutus
1237 4331 1287 4382 est.
