3000 5010
200 415 281 507 [17]
1245 420 1335 507 (131)

196 544 339 622 studuit,
364 544 416 608 his
441 565 518 608 usus
534 543 658 610 verbis:
687 544 798 628 ‹lller
813 546 964 634 Dichter)
992 547 1119 613 konnte
1135 549 1224 613 ohne
1241 549 1336 614 Ver-

196 653 338 736 letzung
374 651 435 716 der
471 650 718 717 dichterischen
756 653 877 732 Treue,
910 654 1041 718 welche
1077 654 1129 719 die
1166 656 1265 722 Alten
1297 676 1333 721 so

196 758 444 845 gewissenhaft
469 759 597 837 halten,
634 760 684 824 als
708 760 773 823 wir
798 780 865 824 nur
883 760 919 846 je
944 759 996 824 die
1030 760 1248 846 burgerliohe
1272 783 1334 847 gar

195 868 297 933 nicht
312 886 437 952 sagen:
463 864 618 930 Vidimus
641 862 764 930 flavum
789 867 946 944 Tiberim,
971 889 1072 933 wenn
1097 889 1135 933 er
1158 869 1252 933 nic'ht
1279 869 1334 933 ein

193 976 285 1040 kurz
316 974 442 1039 vorher
466 972 610 1038 erlebtes
634 974 817 1058 Begegniss
836 974 880 1039 im
905 975 1008 1040 Sinne
1032 977 1154 1041 hatte»
1183 973 1221 1063 (¹)
1239 976 1334 1052 Quae

195 1082 313 1169 opinio
338 1080 489 1166 quamvis
520 1081 728 1165 repudianda
760 1103 826 1147 non
849 1083 901 1162 sit,
938 1083 1098 1148 eiusmodi
1133 1088 1245 1149 tamen
1271 1088 1330 1167 est,

193 1191 253 1256 cui
279 1189 415 1254 omnino
439 1187 600 1253 accedere
624 1209 780 1274 nequeas
798 1191 945 1255 Utuntur
962 1191 1050 1255 enim
1068 1196 1185 1276 poetae
1202 1190 1332 1276 legibus

192 1298 278 1376 suis,
297 1318 377 1382 quas
393 1316 492 1381 saepe
509 1296 563 1360 vel
580 1295 693 1381 aliqua
709 1316 752 1361 ex
769 1303 863 1381 parte
882 1298 936 1361 vel
954 1318 1091 1383 prorsus
1115 1304 1330 1378 commutant,

191 1406 393 1491 neglegunt,
418 1408 455 1468 ut
479 1403 615 1488 ingenio
639 1423 699 1467 suo
723 1403 934 1488 indulgeant,
960 1411 992 1469 et
1028 1409 1202 1489 poeticam,
1229 1427 1327 1491 quam

190 1515 237 1579 iis
254 1513 401 1578 libenter
424 1512 591 1596 largimur
608 1511 777 1576 licentiam
794 1511 854 1577 sibi
874 1518 1017 1577 sumant.
1036 1511 1134 1591 Quid,
1153 1513 1178 1578 si
1198 1514 1331 1579 Tacitus

190 1619 309 1686 verbis
334 1643 352 1679 c
366 1618 521 1684 Vidimus
537 1618 597 1682 sub
615 1616 691 1682 diro
708 1617 916 1702 Vespasiano
933 1618 1128 1684 Veledam»
1150 1621 1188 1708 (ἢ)
1214 1620 1329 1696 utitur,

192 1735 235 1793 ut
259 1748 315 1793 res
339 1731 417 1792 ante
440 1727 582 1812 triginta
607 1746 713 1791 annos
737 1731 828 1791 actas
852 1727 1112 1793 commemoret?
1136 1728 1189 1793 An
1215 1749 1330 1794 rerum

192 1834 364 1920 scriptori,
389 1835 485 1900 cuius
509 1833 715 1903 narrationis
749 1831 935 1898 sublimitas
959 1835 1088 1920 poetico
1122 1839 1194 1900 fere
1218 1837 1330 1902 colore

194 1943 322 2010 suffusa
339 1949 398 2019 est,
415 1942 576 2008 eiusmodi
595 1942 785 2007 libertatem
809 1943 1039 2021 concedemus
1056 1944 1195 2010 Horatio
1212 1950 1330 2029 poetae

199 2075 266 2119 non
291 2051 396 2118 iteml

267 2165 308 2230 Iis
331 2187 413 2232 vero
438 2186 522 2251 quae
546 2166 715 2231 Frankius
737 2166 864 2242 statuit,
890 2166 973 2230 illud
1010 2166 1215 2251 potissimum
1241 2165 1328 2250 quod

194 2274 267 2359 ipse
292 2273 443 2358 agnoscit
459 2273 664 2358 refragatur,
682 2273 847 2338 eluvionis
872 2294 960 2338 anno
976 2274 1042 2337 710
1059 2274 1113 2338 vel
1128 2273 1189 2336 711
1217 2275 1325 2336 factae

191 2381 326 2444 nullum
352 2379 454 2444 fidum
483 2387 618 2445 exstare
646 2381 883 2446 testimonium.
916 2381 973 2445 Ait
1008 2381 1096 2445 enim
1121 2377 1175 2443 vir
1211 2378 1327 2443 doctus

191 2489 399 2579 «Nusquam
425 2488 568 2573 quidem,
592 2492 710 2567 fateor,
747 2494 954 2554 memoratur
986 2487 1115 2553 Tiberis
1141 2486 1325 2563 inundati0,

188 2617 279 2682 quae
318 2616 407 2661 anno
432 2597 497 2660 710
520 2597 574 2661 vel
598 2598 659 2661 7ll
697 2598 810 2678 fuerit,
835 2597 876 2662 ab
913 2597 1125 2661 historicis».
1152 2596 1214 2660 Sed
1241 2616 1328 2661 noa

189 2704 298 2790 poetis
324 2703 468 2788 qnidom.
493 2703 639 2789 Vergilii
665 2704 754 2769 enim
779 2704 930 2769 versibus
954 2725 1035 2789 quos
1067 2702 1225 2767 Horatius
1249 2702 1324 2767 evi-

188 2812 313 2876 denter
344 2811 493 2875 imitatus
516 2817 567 2876 est
591 2809 727 2897 (Georg.
753 2813 776 2875 l.
803 2807 973 2895 lca-489)
996 2830 1038 2874 ne
1063 2808 1166 2874 verbo
1192 2808 1325 2892 quidem

189 2921 233 2985 de
258 2919 390 2984 Tiberis
419 2919 545 2984 diluvio
581 2920 706 2984 mentio
740 2919 889 2984 inicitur.
926 2918 1050 2994 Quodsi
1087 2922 1157 2982 tum
1194 2937 1325 3002 quoque

189 3027 323 3092 Tiberis
339 3027 430 3111 ripas
446 3026 642 3092 excessisset
659 3031 693 3092 et
716 3027 816 3092 aedes
832 3048 945 3092 sacras
963 3027 1183 3110 divorumque
1200 3025 1326 3108 templa

189 3135 380 3211 evertisset,
405 3138 497 3198 estne
523 3153 645 3217 quaeso
670 3134 863 3212 verisimile,
900 3135 984 3198 haec
1007 3133 1200 3218 Vergilium
1226 3152 1326 3217 prae-

190 3242 377 3308 teriturum
402 3261 441 3305 ac
476 3241 659 3304 Eridanum
696 3241 814 3326 potius
851 3239 989 3306 fluvium
1025 3241 1124 3325 longe
1159 3245 1323 3304 remotum

191 3372 209 3412 ‹
224 3349 357 3414 stabula
370 3370 445 3413 cum
458 3349 618 3414 armentis
632 3349 796 3415 ferentem
810 3373 827 3413 r
844 3354 1182 3414 commemoraturum
1196 3347 1322 3412 fuisset

191 3458 239 3522 De
253 3456 415 3543 prodigiis
427 3456 506 3521 solis
518 3462 631 3521 tantus
644 3457 765 3522 dilatus
778 3461 852 3521 erat
869 3477 996 3536 rumor,
1011 3461 1048 3520 ut
1060 3476 1175 3521 rerum
1193 3476 1324 3540 quoque

193 3564 376 3648 scriptores
408 3568 441 3627 et
470 3568 588 3647 poetae
616 3563 707 3627 illius
736 3563 853 3627 aetatis
880 3563 972 3627 taciti
994 3563 1026 3626 id
1052 3561 1239 3646 praeterire
1265 3581 1325 3625 ne-

194 3671 329 3754 quirent
353 3670 402 3758 (3).
427 3671 589 3755 Equidem
614 3672 718 3756 igitur
742 3691 851 3754 neque
876 3671 1025 3735 Franlrio
1052 3689 1159 3754 neque
1178 3669 1323 3733 Christio

192 3795 311 3841 rursus
347 3783 381 3841 et
416 3777 565 3842 Webero
602 3779 701 3863 plane
737 3777 892 3842 assentiri
934 3797 1073 3861 possum.
1112 3775 1322 3861 Quamquam

258 4134 296 4205 (l)
315 4133 345 4187 L.
366 4133 382 4187 l.
402 4151 427 4203 p.
450 4134 507 4211 179τ

257 4226 295 4294 (2)
315 4224 435 4290 Tacitus,
456 4225 612 4289 Germania,
632 4224 656 4279 8.

256 4314 295 4390 (3)
315 4315 370 4370 on.
392 4313 482 4378 Tibul.
502 4315 527 4380 2,
546 4315 571 4381 5,
589 4316 640 4382 71,
660 4314 738 4368 Ovid.
760 4313 867 4369 Metam.
891 4313 932 4383 15,
951 4312 1016 4378 7823
1036 4313 1086 4368 Dio
1106 4314 1180 4368 Cass.
1201 4313 1244 4384 45,
1263 4312 1307 4368 27.
1325 4303 1334 4336 ³
