3000 5010
216 131 251 193 lli
1204 120 1293 210 (Ἢ)

198 127 265 322 ltianr]
282 257 401 320 nostris
425 256 540 321 diebus
564 253 755 320 hominibus
779 258 934 338 squalere
960 251 1146 318 iacentibus
1169 255 1203 316 et
1236 248 1290 314 lu·

196 363 279 449 gubres
299 362 462 448 epistulae
486 369 519 428 et
543 364 653 427 tristia
676 363 829 427 carmina
864 363 1053 438 mittuntur,
1078 360 1196 444 quibus
1231 354 1292 420 de·

104 492 119 499 ·
168 496 172 503 ·
195 471 344 536 ductorum
368 472 513 536 virtutes
536 470 771 537 celebrantur!
798 469 885 533 Illud
902 474 1067 554 postremo
1084 463 1290 538 contendam,

84 596 109 607 ··
194 577 349 664 Iliesslingii
372 579 524 665 opinioni
555 579 732 663 quominus
767 575 962 643 accedamus
997 575 1073 639 iude
1097 575 1195 640 etiam
1230 592 1291 637 nos

100 708 109 715 ·
193 685 308 772 inpediri
330 685 419 771 quod
442 692 574 772 gratum
599 689 837 772 acceptumque
861 686 950 749 omni
975 689 1124 769 ternpore
1152 699 1289 748 carmen

103 818 118 824 ·
165 795 305 878 'Angusto
328 813 398 859 esse
423 792 537 859 debuit
559 814 625 879 quo
649 794 818 869 Horatius,
843 797 881 857 ut
904 793 975 857 eius
1010 810 1108 856 aures
1144 788 1291 875 permul-

49 891 100 924 ·”
192 910 350 976 teretrum
376 921 443 965 uno
468 903 544 966 love
568 922 643 965 eum
669 900 853 988 composuit
876 904 976 985 atque
999 897 1199 963 adulationis
1226 914 1292 960 mo

194 1008 248 1074 dnn
267 1007 423 1074 excedens
448 1010 591 1075 cecinit:

372 1171 488 1234 Gentis
511 1172 673 1234 humanae
698 1183 790 1252 pater
814 1184 911 1251 atquc
933 1183 1052 1245 custos,

374 1280 455 1341 Orte
479 1280 626 1354 Saturne,
651 1279 710 1341 tibi
735 1300 813 1341 cura
837 1280 947 1358 magni

375 1386 524 1450 Caesaris
548 1386 622 1449 fatis
646 1389 743 1448 data:
768 1399 803 1449 tu
828 1390 971 1449 secundo

373 1494 511 1558 Caesare
535 1514 661 1573 regnes.

254 1651 296 1716 dd
316 1652 399 1718 haec
421 1654 534 1717 omnia
557 1654 660 1739 igitur
683 1655 711 1718 si
748 1652 931 1718 attenderis
967 1652 1064 1719 facile
1099 1652 1181 1715 mihi
1216 1651 1290 1715 lar-

78 1756 100 1795 ·²
165 1751 262 1839 ¹gieris
280 1760 448 1825 Horatium
472 1763 573 1826 etiam
598 1768 670 1846 post
695 1760 848 1826 Marcelli
873 1760 1042 1826 decessum
1069 1779 1171 1824 carm.
1196 1760 1220 1826 l.
1248 1758 1289 1825 12

191 1866 325 1954 asylloga
348 1869 564 1934 exclusurum
582 1889 649 1934 non
665 1869 777 1934 tuisse.

157 2056 160 2063 Ι
253 1976 309 2060 lll.)
332 1978 580 2063 Argumentum
605 1978 691 2063 quod
715 1977 884 2042 Fraokius
907 1997 950 2041 ex
974 1978 1066 2062 epist.
1092 1978 1116 2041 l.
1145 1977 1184 2041 19
1208 1981 1241 2041 et
1265 1978 1288 2045 l.

194 2079 305 2163 lduxit
328 2088 473 2151 omnium
498 2089 728 2171 gravissimum
753 2092 842 2171 puto.
859 2087 886 2150 E
904 2086 1056 2151 versibus
1081 2087 1167 2151 enim
1192 2083 1285 2170 epist.

62 2197 96 2224 “-
161 2254 164 2259 ,
196 2184 232 2269 19,
250 2210 333 2275 quam
357 2193 461 2280 vulgo
485 2194 526 2258 ad
551 2213 676 2259 annum
701 2194 766 2260 734
792 2193 953 2270 referunt,
970 2194 1014 2259 32
1037 2213 1105 2277 sqq.
1125 2213 1132 2257 :

86 2414 96 2423 ,
161 2422 167 2427 ,
239 2352 317 2416 Hunc
338 2376 412 2435 ego,
438 2374 504 2416 non
528 2354 591 2416 alio
614 2354 735 2416 dictum
760 2354 849 2433 prius
873 2374 938 2438 ore,
964 2353 1082 2414 latinus

236 2461 357 2541 Volgavi
381 2462 529 2536 fidicem;
554 2461 644 2524 iuvat
668 2461 892 2523 immemorata
916 2461 1071 2523 ferentem

237 2566 370 2647 Ingenuis
393 2569 560 2649 oculisque
584 2569 648 2648 legi
672 2569 886 2648 manibusque
910 2570 1021 2634 teneri.

237 2673 309 2738 Scire
330 2677 422 2754 velis,
447 2698 520 2738 nica
542 2698 599 2738 cur
625 2676 771 2756 ingratus
794 2676 951 2756 opuscula
975 2676 1075 2737 lector

149 2840 152 2845 .
237 2780 343 2847 Laudet
366 2796 517 2864 ametque
540 2784 638 2862 domi,
663 2795 788 2864 premat
812 2796 902 2846 extra
926 2784 1022 2846 limen
1046 2783 1201 2864 iniquus?

149 2950 152 2957 '
189 2955 325 3028 evidenter
347 2962 469 3041 elucet,
494 2962 604 3050 lyrica
621 2965 781 3038 earmina,
800 2968 869 3027 tum
887 2983 961 3028 cum
980 2966 1014 3028 in
1039 2963 1189 3048 epistulis
1206 2963 1290 3029 scri-

70 3080 82 3085 ·
188 3056 273 3231 pppdis
292 3074 387 3154 poeta
411 3069 613 3148 versabatur,
636 3070 677 3135 ad
694 3069 792 3134 finem
810 3071 875 3134 iam
891 3069 1051 3155 perducta
1067 3070 1290 3156 evulgataque

76 3186 82 3194 ⁴
148 3232 152 3239 .
215 3188 271 3245 rese.

252 3284 355 3372 Atque
377 3305 397 3351 e
420 3285 573 3351 versibus
600 3283 684 3349 1-13
708 3284 868 3370 epistolae
892 3286 914 3349 Ι.
944 3286 970 3349 l.

50 3478 81 3519 1÷
146 3453 268 3526 'Prima
287 3467 369 3530 dicte
394 3466 483 3542 mihi,
508 3487 635 3528 summa
658 3466 791 3528 dicende
816 3467 968 3544 Camena,
1081 3486 1084 3491 ·

49 3586 75 3629 r:
186 3559 338 3642 Spectatum
363 3573 442 3637 satis
466 3584 500 3637 et
523 3575 681 3638 donatum
706 3574 768 3636 iam
794 3575 872 3635 rude
896 3575 1034 3661 quaeris,

188 3667 334 3757 Maecenas,
359 3680 475 3744 iterum
499 3680 633 3761 antiquo
657 3703 707 3743 me
732 3681 896 3743 includere
921 3682 1023 3746 ludo?

188 3772 241 3842 Non
258 3789 395 3850 aedemst
420 3799 520 3863 eataS,
545 3809 609 3850 non
632 3810 732 3851 mens.
757 3788 910 3850 Veianius
934 3792 1031 3853 armis

191 3880 307 3958 Herculis
330 3896 371 3958 ad
394 3906 521 3976 postem
545 3895 616 3958 fixis
640 3896 716 3958 latet
740 3895 869 3958 abditus
894 3908 984 3976 agre,

189 3986 224 4053 Ne
240 4002 382 4082 populum
406 4014 550 4067 extrema
573 4004 691 4067 totiens
714 4015 825 4067 exoret
849 4025 954 4070 arena.
